%% Created using Papers on Wed, 24 Apr 2013.
%% http://mekentosj.com/papers/

@article{Robinson:2001hm,
author = {Robinson, P},
title = {{Theorizing the Influence of Media on World Politics: Models of Media Influence on Foreign Policy}},
journal = {European Journal of Communication},
year = {2001},
volume = {16},
number = {4},
pages = {523--544},
month = dec
}

@article{Anonymous:pdO5shBW,
title = {{Deleuze_intellectuals_and_power}},
year = {2001},
pages = {1--7},
month = sep
}

@article{Deleuze:2008uz,
author = {Deleuze, Gilles},
title = {{Introduction: Rhizome}},
year = {2008},
pages = {1--14},
month = apr
}

@article{Buchner:1988uk,
author = {Buchner, Bradley Jay},
title = {{Social Control and the Diffusion of Modern Telecommunications Technologies: A Cross-National Study}},
journal = {American Sociological Review},
year = {1988},
pages = {1--9},
month = dec
}

@article{Anonymous:rLR4IEEn,
author = {Deleuze, Gilles},
title = {{A New Cartographer}},
journal = {Foucault},
year = {2005},
pages = {1--14},
month = oct
}

@article{Jennings:2003vh,
author = {Jennings, M Kent and Zeitner, Vicki},
title = {{Internet Use and Civic Engagement: A Longitudinal Analysis}},
journal = {The Public Opinion Quarterly},
year = {2003},
pages = {1--25},
month = dec
}

@article{Badiou:2010tc,
author = {Badiou, Alain},
title = {{The Meaning of Sarkozy}},
year = {2010},
pages = {1--61},
month = apr
}

@webpage{Zaller:1996vs,
author = {Zaller, John and Chiu, Dennis},
title = {{Government's Little Helper: U.S. Press Coverage of Foreign Policy Crises, 1945-1991}},
year = {1996}
}

@article{Bennett:2006gc,
author = {Bennett, W Lance and Lawrence, Regina G and Livingston, Steven},
title = {{None Dare Call It Torture: Indexing and the Limits of Press Independence in the Abu Ghraib Scandal}},
journal = {International Studies Quarterly},
year = {2006},
volume = {56},
number = {3},
pages = {467--485},
month = sep
}

@article{Sussman:2007gg,
author = {Sussman, Gerald},
title = {{A Review of:`` The Politics of Marketing the Labour Party, by Dominic Wring''}},
journal = {Political Communication},
year = {2007},
volume = {24},
number = {1},
pages = {93--95},
month = jan
}

@article{Bennett:1990bp,
author = {Bennett, W Lance},
title = {{Toward a Theory of Press-State Relations in the United States}},
journal = {International Studies Quarterly},
year = {1990},
volume = {40},
number = {2},
pages = {103--127},
month = jun
}

@book{Harris:2009vn,
author = {Debord, Guy},
title = {{The Society of the Spectacle}},
year = {1967},
month = aug
}

@article{Mansfield:2009bx,
author = {Mansfield, Edward D and Mutz, Diana C},
title = {{Support for Free Trade: Self-Interest, Sociotropic Politics, and Out-Group Anxiety}},
journal = {International Organization},
year = {2009},
volume = {63},
number = {03},
pages = {425},
month = jul
}

@article{Petsko:2007kg,
author = {Petsko, Gregory A},
title = {{A day in the life of a genome biologist in the not-too-distant future}},
journal = {Genome Biology},
year = {2007},
volume = {8},
number = {3},
pages = {104},
annote = {Indeed not-to-distant future: 
"6:15 pm to 7 pm.packed up to go home. Waited 45 minutes for shuttle bus to parking lot. while waiting, checked latest news on iPhone."}
}

@article{Weingast:2010tw,
author = {Weingast, Barry R},
title = {{CalTech Rules}},
year = {2010},
pages = {1--4},
month = apr
}

@misc{WorldDevelopmentIn:2012wl,
title = {{World Development Indicators}},
author = {World Bank, The},
howpublished = {http://data.worldbank.org/data-catalog/world-development-indicators},
year = {2012}
}

@misc{CrossNationalTime:td,
title = {{Cross-National Time-Series Data Archive}},
author = {Banks, Arthur A and Wilson, Kenneth A},
howpublished = {Databanks International},
year = {2005}
}

@misc{Untitled:1I7B081u
}

@article{ZeligEveryonesSt:2009ts,
author = {Imai, Kosuke and King, Gary and Lau, Olivia},
title = {{Zelig: Everyone's Statistical Software}},
year = {2009}
}

@article{Bailard:2009et,
author = {Bailard, Catie Snow},
title = {{Mobile Phone Diffusion and Corruption in Africa}},
journal = {Political Communication},
year = {2009},
volume = {26},
number = {3},
pages = {333--353},
month = jul
}

@article{Wallace:2006uq,
author = {Wallace, David Foster},
title = {{Brief Interviews with Hideous Men}},
year = {2006},
pages = {1--16},
month = dec
}

@article{Norris:2004uh,
author = {Norris, Pippa},
title = {{Internet Design for Democracy Syllabus}},
year = {2004},
pages = {1--9},
month = feb
}

@article{Sheafer:2009hn,
author = {Sheafer, Tamir and Gabay, Itay},
title = {{Mediated Public Diplomacy: A Strategic Contest over International Agenda Building and Frame Building}},
journal = {Political Communication},
year = {2009},
volume = {26},
number = {4},
pages = {447--467},
month = oct
}

@article{Garrett:1998wl,
author = {Garrett, Geoffrey},
title = {{Global Markets and National Politics: Collision Course or Virtuous Circle?}},
journal = {International Organization},
year = {1998},
pages = {1--38},
month = mar
}

@article{Buthe:2006wf,
author = {Buthe, Tim},
title = {{Research Design and Qualitative Methods Syllabus}},
year = {2006},
pages = {1--19},
month = apr
}

@article{Norris:2009uo,
author = {Norris, Pippa},
title = {{Codebook for Time-Series Dataset}},
journal = {Free Release},
year = {2009},
pages = {1--18},
month = jan
}

@article{Iversen:2012wd,
author = {Iversen, Torben and Soskice, David},
title = {{Electoral Institutions and the Politics of Coalitions: Why Some Democracies Redistribute More Than Others}},
journal = {American Political Science Review},
year = {2012},
volume = {100},
number = {2},
pages = {1--17},
month = mar
}

@article{Caooc:2011vp,
author = {{Caooc}},
title = {{Cyberactivism in Turkish Armenian Reconciliation}},
year = {2011},
pages = {1--8},
month = apr
}

@article{Cohen:2001tb,
author = {Cohen, G.A},
title = {{If You're an Egalitarian How Come You're So Rich?}},
year = {2001},
pages = {1--241},
month = aug
}

@book{Norris:2000uf,
author = {Norris, Pippa},
title = {{Virtuous Circle}},
publisher = {Cambridge University Press},
year = {2000},
series = {Political Communications in Postindustrial Societies},
address = {Cambridge, UK}
}

@article{HafnerBurton:2009vf,
author = {Hafner-Burton, Emilie M. and Ron, James},
title = {{The Boomerang Market}},
journal = {Unpublished},
year = {2009},
pages = {1--66},
month = nov
}

@book{James:2009vy,
author = {James, C.L.R},
title = {{Notes on Dialectics: Hegel, Marx, Lenin}},
publisher = {Lawrence Hill {\&} Co.},
year = {2009},
address = {Westport},
month = jan
}

@article{Tewksbury:2006kq,
author = {Tewksbury, David},
title = {{Exposure to the Newer Media in a Presidential Primary Campaign}},
journal = {Political Communication},
year = {2006},
volume = {23},
number = {3},
pages = {313--332},
month = sep
}

@article{LanceBennett:2008dm,
author = {Lance Bennett, W and Breunig, Christian and Givens, Terri},
title = {{Communication and Political Mobilization: Digital Media and the Organization of Anti-Iraq War Demonstrations in the U.S.}},
journal = {Political Communication},
year = {2008},
volume = {25},
number = {3},
pages = {269--289},
month = jul
}

@article{Fioretos:2010vj,
author = {Fioretos, Orfeo},
title = {{Capitalist Diversity and the International Regulation of Hedge Funds}},
year = {2010},
pages = {1--48},
month = feb
}

@article{Auer:2010hv,
author = {Auer, Raphael and Fischer, Andreas M},
title = {{The effect of low-wage import competition on U.S. inflationary pressure}},
journal = {Journal of Monetary Economics},
year = {2010},
volume = {57},
number = {4},
pages = {491--503},
month = may
}

@article{Marx:2010ty,
author = {Marx, Karl},
title = {{Capital Volume I}},
year = {2010},
pages = {1--543},
month = sep
}

@article{MerleauPonty:2003uk,
author = {Merleau-Ponty, Maurice},
title = {{Cezanne's Doubt}},
year = {2003},
pages = {1--11},
month = oct
}

@book{Anderson:2012ww,
author = {Anderson, Perry},
title = {{Passages from Antiquity to Feudalism}},
publisher = {NLB},
year = {1974},
address = {London}
}

@article{Garrett:1995tf,
author = {Garrett, Geoffrey and Lange, Peter},
title = {{Internationalization, institutions, and political change}},
year = {1995},
pages = {1--29},
month = feb
}

@article{Ramos:2007kk,
author = {Ramos, H and Ron, J and Thoms, O. N.T},
title = {{Shaping the Northern Media's Human Rights Coverage, 1986--2000}},
journal = {Journal of Peace Research},
year = {2007},
volume = {44},
number = {4},
pages = {385--406},
month = jul
}

@book{Anonymous:a-r9fKmg,
author = {Berlant, Lauren},
title = {{Cruel Optimism}},
publisher = {Duke University Press},
year = {2011},
address = {Durham},
month = jul
}

@article{Meho:2006ju,
author = {Meho, Lokman I},
title = {{E-mail interviewing in qualitative research: A methodological discussion}},
journal = {Journal of the American Society for Information Science and Technology},
year = {2006},
volume = {57},
number = {10},
pages = {1284--1295},
month = aug
}

@article{Eddy:2005ts,
author = {Eddy, Sean R},
title = {{``Antedisciplinary'' Science}},
journal = {PLoS Computational Biology},
year = {2005},
volume = {1},
number = {1},
pages = {e6}
}

@article{Guattari:2008tr,
author = {Guattari, Gilles Deleuze and Felix},
title = {{Anti-Oedipus}},
year = {2008},
pages = {1--423},
month = jan
}

@article{WhittenWoodring:2010um,
author = {Whitten-Woodring, Jenifer},
title = {{The Fabled Fourth Estate: Media Freedom, Democracy and Human Rights }},
year = {2010},
pages = {1--272},
month = jul
}

@article{Boltanski:2006bx,
author = {Boltanski, Luc and Chiapello, Eve},
title = {{The New Spirit of Capitalism}},
journal = {International Journal of Politics, Culture, and Society},
year = {2006},
volume = {18},
number = {3-4},
pages = {161--188},
month = dec
}

@article{Imai:2008wg,
author = {Imai, Kosuke and King, Gary and Lau, Olivia},
title = {{Toward A Common Framework for Statistical Analysis and Development}},
journal = {Journal of Computational and Graphical Statistics},
year = {2008},
volume = {17},
number = {4},
pages = {892--913},
month = dec
}

@article{Pevehouse:2008th,
author = {Pevehouse, Jon C},
title = {{Democracy from the Outside-In? International Organizations and Democracy}},
year = {2008},
pages = {1--36},
month = jan
}

@article{Baum:2008wo,
author = {Baum, Matthew A},
title = {{Sex, Lies, and War: Soft News and Foreign Policy}},
journal = {American Political Science Review},
year = {2008},
pages = {1--20},
month = jan
}

@webpage{Berlant:wz,
author = {Berlant, Lauren and Hardt, Michael},
title = {{"On the Risk of a New Relationality:" An Interview with Lauren Berlant and Michael Hardt}},
url = {http://reviewsinculture.com/special-issue/review1.html}
}

@article{Anonymous:g0yZv03a,
title = {{Global Public Goods}},
year = {1999},
pages = {1--585},
month = mar
}

@article{Adsera:2002vt,
author = {Adser{\`a}, Al{\'\i}cia and Boix, Carles},
title = {{Trade, Democracy, Public Sector: The Political Underpinnings of Openness}},
journal = {International Organization},
year = {2002},
volume = {56},
number = {2},
pages = {229--262},
month = mar
}

@article{Ruggie:1982wx,
author = {Ruggie, John Gerard},
title = {{International Regimes, Transactions, and Change: Embedded Liberalism in the Postwar Economic Order}},
journal = {International Organization},
year = {1982},
pages = {1--38},
month = oct
}

@article{Gilboa:2005ef,
author = {Gilboa, Eytan},
title = {{The CNN Effect: The Search for a Communication Theory of International Relations}},
journal = {Political Communication},
year = {2005},
volume = {22},
number = {1},
pages = {27--44},
month = feb
}

@article{Bimber:2001tm,
author = {Bimber, Bruce},
title = {{Information and Political Engagement in America: The Search for Effects of Information Technology at the Individual Level}},
journal = {Political Research Quarterly},
year = {2001},
pages = {1--16},
month = nov
}

@misc{CODEBOOK:2005tj,
title = {{CODEBOOK}},
author = {Banks, Arthur A},
howpublished = {Databanks International},
month = feb,
year = {2005}
}

@article{Feldman:2007vd,
author = {Feldman, Ofer and Kawakami, Kazuhisa},
title = {{Media Use as Predictors of Political Behavior: The Case of Japan}},
year = {2007},
pages = {1--17},
month = nov
}

@article{Freedman:2004vl,
author = {Freedman, Paul and Franz, Michael and Goldstein, Kenneth},
title = {{Campaign Advertising and Democratic Citizenship}},
journal = {American Journal of Political Science},
year = {2004},
pages = {1--20},
month = apr
}

@article{Bush:SoDGb3d0,
author = {Bush, Sarah},
title = {{Made in America Democracy? Explaining Allocation Patterns in American Democracy Support}}
}

@book{Meinhof:2011wp,
author = {Meinhof, Ulrike},
title = {{Everybody Talks About the Weather . . . We Don't}},
publisher = {Seven Stories Press},
year = {2011},
series = {The Writings of Ulrike Meinhof},
month = jan
}

@article{Collins:2005wq,
author = {Collins, Randall},
title = {{The Sociology of Philosophies}},
year = {2005},
pages = {1--1121},
month = may
}

@article{Goldstein:2007ta,
author = {Goldstein, Judith},
title = {{International Forces and Domestic Politics: Trade Policy and Institution Building in the United States}},
journal = {in Shaped by War and Trade},
year = {2007},
pages = {1--13},
month = aug
}

@article{Potter:2010gm,
author = {Potter, Philip B. K and Baum, Matthew A},
title = {{Democratic Peace, Domestic Audience Costs, and Political Communication}},
journal = {Political Communication},
year = {2010},
volume = {27},
number = {4},
pages = {453--470},
month = oct
}

@article{Slantchev:2006ty,
author = {Slantchev, Branislvav L},
title = {{Politicians, the Media, and Domestic Audience Costs}},
year = {2006},
pages = {1--34},
month = apr
}

@article{Corrales:2006vz,
author = {Corrales, Javier and Westhoff, Frank},
title = {{IT Adoption and Political Regimes}},
year = {2006},
pages = {1--24},
month = oct
}

@book{DeLanda:2009vn,
author = {DeLanda, Manuel},
title = {{A New Philosophy of Society}},
publisher = {Continuum},
year = {2006},
address = {London}
}

@article{Norris:2004tc,
author = {Norris, Pippa},
title = {{Political Communications International Perspective Syllabus}},
year = {2004},
pages = {1--14},
month = feb
}

@article{Rodrik:1998te,
author = {Rodrik, Dani},
title = {{Why Do More Open Economies Have Bigger Governments?}},
journal = {Journal of Political Economy},
year = {1998},
pages = {1--37},
month = oct
}

@article{Baek:2009vq,
author = {Baek, Mijeong},
title = {{A Comparative Analysis of Political Communication Systems and Voter Turnout}},
journal = {American Journal of Political Science},
year = {2009},
pages = {1--19},
month = sep
}

@article{Debord:1967vn,
author = {Debord, Guy},
title = {{The Society of the Spectacle}},
year = {1967},
pages = {1--64},
month = mar
}

@article{Anonymous:BAC7SVHy,
title = {{assataauto}}
}

@article{Deleuze:1946vc,
author = {Deleuze, Gilles},
title = {{From Christ to the Bourgeoisie}},
year = {1946},
pages = {1--7},
month = dec
}

@article{Martin:2008wq,
author = {Martin, Cathie Jo and Swank, Duane},
title = {{Does the Organization of Capital Matter? Employers and Active Labor Market Policy at the National and Firm Levels}},
journal = {American Political Science Review},
year = {2008},
pages = {1--20},
month = mar
}

@article{Rudra:2002ui,
author = {Rudra, Nita},
title = {{Globalization and the Decline of the Welfare State in Less-Developed Countries}},
journal = {International Organization},
year = {2002},
pages = {1--36},
month = oct
}

@article{Hellwig:2012vk,
author = {Hellwig, Timothy},
title = {{Retaining the Room to Maneuver? Globalization and Electoral Politics}},
year = {2012},
pages = {1--242},
month = mar
}

@article{Bimber:1999io,
author = {Bimber, Bruce},
title = {{The Internet and Citizen Communication With Government: Does the Medium Matter?}},
journal = {Political Communication},
year = {1999},
volume = {16},
number = {4},
pages = {409--428},
month = nov
}

@book{Horkheimer:2009te,
author = {Horkheimer, Max and Adorno, Theodor},
editor = {Noerr, Schmid Gunzelin},
title = {{Dialectic of Enlightenment}},
publisher = {Stanford University Press},
year = {2009},
address = {Stanford, California},
month = jan
}

@article{Haraway:2004tv,
author = {Haraway, Donna},
title = {{CyborgManifesto}},
year = {2004},
pages = {1--31},
month = aug
}

@article{Benjamin:2010vb,
author = {Benjamin, Walter},
title = {{Hashish in Marseilles}},
year = {2010},
pages = {1--6},
month = mar
}

@book{Goldberg:2010tn,
author = {Goldberg, Theo David},
title = {{The Threat of Race: Reflections on Racial Neoliberalism}},
publisher = {Wiley-Blackwell},
year = {2009}
}

@article{Norris:2002to,
author = {Norris, Pippa},
title = {{Democratic Phoenix: Agencies, Repertoires, {\&} Targets of Political Activism (Paper)}},
journal = {APSA 2002},
year = {2002},
pages = {1--26},
month = aug
}

@article{Beck:1998wg,
author = {Beck, N and Katz, J N and Tucker, R},
title = {{Taking time seriously: Time-series-cross-section analysis with a binary dependent variable}},
journal = {American Journal of Political Science},
year = {1998}
}

@article{Aarts:2003wl,
author = {Aarts, Kees and Semetko, Holli A},
title = {{The Divided Electorate: Media Use and Political Involvement}},
journal = {The Journal of Politics},
year = {2003},
pages = {1--27},
month = apr
}

@article{Beck:1998wz,
author = {Beck, N and Katz, J N and Tucker, R},
title = {{Beyond ordinary logit: Taking time seriously in binary time-series-cross-section models}},
journal = {American Journal of Political Science},
year = {1998}
}

@article{Kayser:2007ig,
author = {Kayser, Mark Andreas},
title = {{How Domestic Is Domestic Politics? Globalization and Elections}},
journal = {Annual Review of Political Science},
year = {2007},
volume = {10},
number = {1},
pages = {341--362},
month = jun
}

@article{Barbieri:2005uka,
author = {Barbieri, Katherine and Reuveny, Rafael},
title = {{Economic globalization and civil war}},
journal = {Journal of Politics},
year = {2005}
}

@article{JohnRLott:1990wl,
author = {John R Lott, Jr},
title = {{An Explanation for Public Provision of Schooling: The Importance of Indoctrination}},
journal = {Journal of Law and Economics},
year = {1990},
pages = {1--34},
month = sep
}

@article{Mason:2003th,
author = {Mason, T D},
title = {{Globalization, Democratization, and the Prospects for Civil War in the New Millennium}},
journal = {International Studies Review},
year = {2003}
}

@article{Agamben:1993vt,
author = {Agamben, Giorgio},
title = {{The Coming Community}},
year = {1993},
pages = {1--117},
month = feb
}

@article{Gutner:2008uq,
author = {Gutner, Tamar and Thompson, Alexander},
title = {{Understanding IO Performance}},
year = {2008},
pages = {1--18},
month = dec
}

@article{Belle:1997wo,
author = {Belle, Douglas Van},
title = {{Press Freedom and the Democratic Peace}},
journal = {Journal of Peace Research},
year = {1997},
volume = {34},
number = {4},
pages = {405--414},
month = jan
}

@article{Djankov:2001th,
author = {Djankov, Simeon and McLiesh, Caralee and Nenova, Tatiana and Shleifer, Andrei},
title = {{Who Owns the Media?}},
year = {2001},
pages = {1--51},
month = apr
}

@article{Jerit:2006th,
author = {Jerit, Jennifer and Barabas, Jason and Bolsen, Toby},
title = {{Citizens, Knowledge, and the Information Environment}},
journal = {American Journal of Political Science},
year = {2006},
pages = {1--18},
month = apr
}

@article{Bussmann:2007vx,
author = {Bussmann, Margit and Schneider, Gerald},
title = {{When globalization discontent turns violent : foreign economic liberalization and internal war}},
journal = {International Studies Quarterly},
year = {2007},
pages = {1--20},
month = feb
}

@article{Oneal:1997ve,
author = {Oneal, J R and Russet, B M},
title = {{The classical liberals were right: Democracy, interdependence, and conflict, 1950--1985}},
journal = {International Studies Quarterly},
year = {1997}
}

@article{Wallace:2010uk,
author = {Wallace, DF},
title = {{Infinite Jest}},
year = {2010},
pages = {1--1199},
month = mar
}

@article{Kim:2007wu,
author = {Kim, So Young},
title = {{Openness, External Risk, Volatility}},
journal = {International Organization},
year = {2007},
pages = {1--37},
month = apr
}

@article{IO:2012vp,
author = {{IO}},
title = {{IO Submission Guidelines}},
year = {2012},
pages = {1--5},
month = jan
}

@article{Hayes:2010ck,
author = {Hayes, Danny and Guardino, Matt},
title = {{Whose Views Made the News? Media Coverage and the March to War in Iraq}},
journal = {Political Communication},
year = {2010},
volume = {27},
number = {1},
pages = {59--87},
month = jan
}

@article{Bimber:1998wc,
author = {Bimber, Bruce},
title = {{The Internet and Political Transformation: Populism, Community, and Accelerated Pluralism}},
journal = {Polity},
year = {1998},
pages = {1--29},
month = jan
}

@article{Norris:1996tg,
author = {Norris, Pippa},
title = {{Does TV Erode Social Capital? A Reply to Putnam}},
year = {1996},
pages = {1--8},
month = feb
}

@article{Oneal:1996tu,
author = {Oneal, F H and Maoz, Z and Russett, B},
title = {{The liberal peace: Interdependence, democracy, and international conflict, 1950-85}},
journal = {Journal of Peace  {\ldots}},
year = {1996}
}

@book{Deleuze:2009um,
author = {Deleuze, Gilles},
title = {{Difference and Repetition}},
publisher = {Columbia University Press},
year = {1968},
address = {New York}
}

@article{HafnerBurton:2009um,
author = {Hafner-Burton, Emilie and Kahler, Miles and Montgomery, Alexander},
title = {{Network Analysis for IR}},
journal = {International Organization},
year = {2009},
pages = {1--64}
}

@article{Margalit:2011hm,
author = {Margalit, Yotam},
title = {{Costly Jobs: Trade-related Layoffs, Government Compensation, and Voting in U.S. Elections}},
journal = {American Political Science Review},
year = {2011},
volume = {105},
number = {01},
pages = {166--188},
month = feb
}

@article{CenterBerkman:2009tu,
author = {{Center, Berkman}},
title = {{Next Generation Connectivity: A review of broadband internet transitions and policy from around the world}},
year = {2009},
pages = {1--232},
month = oct
}

@article{Jahn:2006ti,
author = {Jahn, Detlef},
title = {{Globalization as Galton's Problem}},
journal = {International Organization},
year = {2006},
pages = {1--32},
month = jan
}

@article{Bailard:2011vf,
author = {Bailard, Catie Snow},
title = {{Field Experiment on Internet's Effect in an African Election}},
year = {2011},
pages = {1--26},
month = aug,
annote = {Her research assistants offered tutorials of basic web skills. 13
}
}

@article{Goldstein:1993ug,
author = {Goldstein, Judith and Keohane, Robert},
title = {{Ideas and Foreign Policy: Beliefs, Institutions, and Political Change}},
year = {1993},
pages = {1--38},
month = mar
}

@article{Guisinger:2009vt,
author = {Guisinger, Alexandra},
title = {{Determining Trade Policy: Do Voters Hold Politicians Accountable?}},
year = {2009},
pages = {1--25},
month = jul
}

@article{Garrett:1999vh,
author = {Garrett, Geoffrey},
title = {{Globalization and Government Spending Around the World}},
journal = {Studies in Comparative International Development},
year = {1999},
pages = {1--51},
month = mar
}

@article{Russett:1998wx,
author = {Russett, B and Oneal, J R and Davis, D R},
title = {{The third leg of the Kantian tripod for peace: International organizations and militarized disputes, 1950--85}},
journal = {International Organization},
year = {1998}
}

@article{Dranove:2008vn,
author = {Dranove, David},
title = {{Fixed Effects Models (very important stuff)}},
year = {2008},
pages = {1--10},
month = mar
}

@article{Garrett:1995tj,
author = {Garrett, Geoffrey},
title = {{Capital mobility, trade, and the domestic politics of economic policy}},
year = {1995},
pages = {1--31},
month = feb
}

@article{Wibbels:2006ui,
author = {Wibbels, Erik},
title = {{Dependency Revisited: International Markets, Business Cycles, and Social Spending in Developing World}},
journal = {International Organization},
year = {2006},
pages = {1--37},
month = jan
}

@article{Jensen:2008uw,
author = {Jensen, Derrick},
title = {{How Shall I Live My Life?}},
year = {2008},
pages = {1--305},
month = dec
}

@article{Sartre:2010wg,
author = {Sartre, Jean-Paul},
title = {{Existentialism and Marxism}},
year = {2010},
pages = {1--300},
month = may
}

@article{Autor:2011tp,
author = {Autor, David H and Dorn, David and Hanson, Gordon H},
title = {{The China Syndrome: Local Labor Market Effects of Import Competition in the United States}},
year = {2011},
pages = {1--54},
month = aug
}

@article{Cameron:1978vb,
author = {Cameron, David R},
title = {{The Expansion of the Public Economy}},
journal = {American Political Science Review},
year = {1978},
pages = {1--20},
month = dec
}

@article{Hays:2005vo,
author = {Hays, Jude and Ehrlich, Sean D and Peinhardt, Clint},
title = {{Spending and Support for Trade in the OECD}},
journal = {International Organization},
year = {2005},
pages = {1--23},
month = oct
}

@article{Berdal:1997wj,
author = {Berdal, M and Keen, D},
title = {{Violence and economic agendas in civil wars: some policy implications}},
journal = {Millennium-Journal of International Studies},
year = {1997}
}

@article{Fearon:2005wm,
author = {Fearon, J D},
title = {{Primary commodity exports and civil war}},
journal = {Journal of Conflict Resolution},
year = {2005}
}

@article{Petrova:2008hg,
author = {Petrova, Maria},
title = {{Inequality and Media Capture}},
journal = {Journal of Public Economics},
year = {2008},
volume = {92},
number = {1-2},
pages = {183--212},
month = feb,
annote = {Inequality increases media capture and thus decreases media freedom. Internet access makes media capture unprofitable, and is thus associated with greater media freedom. Inequality decreases press freedom to a greater degree in democracies. Relationship between internet and media freedom is greater in democracies. }
}

@article{Anonymous:Pije6ejk,
title = {{article-IV-2013-01}}
}

@article{Besley:2002tg,
author = {Besley, Timothy and Burgess, Robin},
title = {{The Political Economy of Government Responsiveness: Theory and Evidence from India}},
journal = {The Quarterly Journal of Economics},
year = {2002},
pages = {1--38},
month = mar,
annote = {Newspaper circulation positively conditions the link between food shortages and food aid, and that between flood damage and calamity relief expenditure.}
}

@article{Anonymous:wuKS6w-g,
author = {Boix, Carles},
title = {{Origins and Persistence of Economic Inequality}},
journal = {Annual Review of Political Science},
year = {2010},
volume = {13},
pages = {489--516}
}

@article{Besley:2006wr,
author = {Besley, Timothy and Prat, Andrea},
title = {{￼Handcuffs for the Grabbing Hand? Media Capture and Government Accountability}},
journal = {The American Economic Review},
year = {2006},
pages = {1--18},
month = apr
}

@article{Broz:2008ux,
author = {Broz, Lawrence J. and Frieden, Jeffry},
title = {{The Political Economy of Exchange Rates}},
year = {2008},
pages = {1--15},
month = mar
}

@article{Anonymous:2004tj,
title = {{the_subject_of_true}},
year = {2004},
pages = {1--20},
month = may
}

@article{McMillan:2004wm,
author = {McMillan, John and Zoido, Pablo},
title = {{How to Subvert Democracy: Montesinos in Peru}},
journal = {The Journal of Economic Perspectives},
year = {2004},
pages = {1--25},
month = apr
}

@article{Anonymous:2007wc,
title = {{the_queen_of_america}},
year = {2007},
pages = {1--19},
month = dec
}

@article{Richard:1981va,
author = {Richard, Scott F and Meltzer, Allan H},
title = {{￼A Rational Theory of the Size of Government}},
journal = {Journal of Political Economy},
year = {1981},
pages = {1--15},
month = may
}

@article{Reinikka:2005ug,
author = {Reinikka, Ritva and Svensson, Jakob},
title = {{￼￼￼￼￼￼￼￼￼￼￼Fighting Corruption to Improve Schooling: Evidence from a Newspaper Campaign in Uganda}},
year = {2005},
pages = {1--10},
month = jan
}

@article{Ferraz:2008tu,
author = {Ferraz, Claudio and Finan, Frederico},
title = {{Exposing Corrupt Politicians: The Effects of Brazil's Publicly Released Audits on Electoral Outcomes}},
journal = {The Quarterly Journal of Economics},
year = {2008},
pages = {1--44},
month = apr
}

@article{Kittel:2005wv,
author = {Kittel, Bernhard and Winner, Hannes},
title = {{How Reliable is Pooled Analysis in Political Economy? The Globalization-Welfare State Nexus Revisited}},
journal = {European Journal of Political Research},
year = {2005},
pages = {1--25},
month = mar
}

@article{Owner:2012wf,
author = {{Multiple}},
title = {{Lies}},
year = {2012},
pages = {1--250},
month = sep
}

@article{Kittel:1999ve,
author = {Kittel, Bernhard},
title = {{Sense and Sensitivity in Pooled Analysis of Political Data}},
journal = {European Journal of Political Research},
year = {1999},
pages = {1--29},
month = may
}

@article{Anderson:2005wi,
author = {Anderson, Erin and Gatignon, Hubert},
title = {{Firms and the Creation of New Markets}},
journal = {Handbook of New Institutional Economics},
year = {2005},
pages = {1--31},
month = jun
}

@article{Anonymous:RNs6yhUW,
author = {Hooks, Bell},
title = {{Theory as Liberatory Practice}},
year = {2006},
pages = {1--17},
month = feb
}

@article{Garrett:2001vp,
author = {Garrett, Geoffrey and Mitchell, Deborah},
title = {{Globalization, Government Spending and Taxation in the OECD}},
journal = {European Journal of Political Research},
year = {2001},
pages = {1--33},
month = apr
}

@article{Kite:2002wd,
author = {Kite, Cynthia},
title = {{The Globalized, Generous Welfare State: Possibility or Oxymoron}},
journal = {European Journal of Political Research},
year = {2002},
pages = {1--37},
month = apr
}

@article{Busemeyer:2009ck,
author = {Busemeyer, Marius R},
title = {{From myth to reality: Globalisation and public spending in OECD countries revisited}},
journal = {European Journal of Political Research},
year = {2009},
volume = {48},
number = {4},
pages = {455--482},
month = jun
}

@article{Hellwig:2011vp,
author = {Hellwig, Timothy},
title = {{Globalization and Party Responsiveness in Established Democracies - Draft}},
journal = {IO Manuscript},
year = {2011},
pages = {1--65},
month = sep
}

@article{CIEPLEY:1969hb,
author = {CIEPLEY, DAVID},
title = {{Beyond Public and Private: Toward a Political Theory of the Corporation}},
journal = {American Political Science Review},
year = {1969},
pages = {1--20},
month = dec
}

@article{Hicks:1992vq,
author = {Hicks, Alexander M and Swank, Duane H},
title = {{Politics, Institutions, and Welfare Spending in Industrialized Democracies}},
year = {1992},
pages = {1--18},
month = dec
}

@article{Hicks:2005gw,
author = {Hicks, Alexander and Zorn, Christopher},
title = {{Economic Globalization, the Macro Economy, and Reversals of Welfare: Expansion in Affluent Democracies, 1978--94}},
journal = {International Organization},
year = {2005},
volume = {59},
number = {03},
month = aug
}

@article{Hiscox:2006jp,
author = {Hiscox, Michael J},
title = {{Through a Glass and Darkly: Attitudes Toward International Trade and the Curious Effects of Issue Framing}},
journal = {International Organization},
year = {2006},
volume = {60},
number = {03},
month = aug
}

@article{Wittman:2008vh,
author = {Wittman, Donald and Weingast, Barry},
title = {{Inequality}},
journal = {Handbook of Political Economy},
year = {2008},
pages = {1--24},
month = mar
}

@article{Wedeen:2003hg,
author = {Wedeen, Lisa},
title = {{Conceptualizing Culture: Possibilities for Political Science}},
journal = {American Political Science Review},
year = {2003},
volume = {96},
number = {04},
month = jan
}

@book{Weingast:dg,
author = {Weingast, Barry R and Wittman, Donald},
title = {{International Political Economy}},
publisher = {Handbook of Political Economy},
volume = {1},
address = {Oxford, England},
edition = {1}
}

@book{ReusSmit:ff,
author = {Reus-Smit, Christian and Snidal, Duncan},
title = {{International Political Economy}},
publisher = {Handbook of IR},
volume = {1},
address = {Oxford, England},
edition = {1}
}

@article{Iversen:2008te,
author = {Iversen, Torben},
title = {{Capitalism and Democracy}},
journal = {Handbook of Political Economy},
year = {2008},
pages = {1--33},
month = mar
}

@article{Jensen:2003to,
author = {Jensen, Nathan M},
title = {{Democratic Governance and Multinational Corporations: Political Regimes and Inflows of Foreign Direct Investment}},
year = {2003},
pages = {1--30},
month = jul
}

@article{Johnson:2003kw,
author = {Johnson, Thomas J and Kaye, Barbara K},
title = {{A Boost or Bust for Democracy? How the Web Influenced Political Attitudes and Behaviors in the 1996 and 2000 Presidential Elections}},
journal = {Press/Politics},
year = {2003},
pages = {1--26},
month = may
}

@article{March:2012hk,
author = {March, James G and Olsen, Johan P},
title = {{The New Institutionalism: Organizational Factors in Political Life}},
journal = {American Political Science Review},
year = {2012},
volume = {78},
number = {03},
pages = {734--749},
month = sep
}

@article{Kaufman:2001ve,
author = {Kaufman, Robert R and Segura-Ubiergo, Alex},
title = {{Globalization, Domestic Politics, and Social Spending in Latin America: A Time-Series Cross-Section Analysis, 1973-97}},
journal = {World Politics},
year = {2001},
pages = {1--36},
month = apr
}

@article{CEDERMAN:2011ek,
author = {CEDERMAN, LARS-ERIK and WEIDMANN, NILS B and GLEDITSCH, KRISTIAN SKREDE},
title = {{Horizontal Inequalities and Ethnonationalist Civil War: A Global Comparison}},
journal = {American Political Science Review},
year = {2011},
volume = {105},
number = {03},
pages = {478--495},
month = jul
}

@article{Kosteas:2007vz,
author = {Kosteas, Vasilios D},
title = {{Manufacturing Employment and Imports: Low-Wage Country Imports versus Overall Imports}},
journal = {Unpublished Manuscript},
year = {2007},
pages = {1--25},
month = apr,
annote = {Low-wage imports did not lead to greater unemployment, only non-low-wage imports did. But this might be because the data only capture when low-wage imports are relatively low.}
}

@article{SHAYO:2009gu,
author = {Shayo, Moses},
title = {{A Model of Social Identity with an Application to Political Economy: Nation, Class, and Redistribution}},
journal = {American Political Science Review},
year = {2009},
volume = {103},
number = {02},
pages = {147--174},
month = apr
}

@article{HafnerBurton:2007tl,
author = {Hafner-Burton, Emilie M. and Ron, James},
title = {{The Latin Bias: Regions, Western Media and Human Rights, 1981-2000}},
journal = {Unpublished Manuscript},
year = {2007},
pages = {1--43},
month = jan
}

@article{Lee:2006wm,
author = {Lee, Chank Kil and Strang, David},
title = {{The International Diffusion of Public-Sector Downsizing: Network Emulation and Theory-Driven Learning}},
journal = {International Organization},
year = {2006},
pages = {1--27},
month = oct
}

@article{Mares:2004el,
author = {Mares, Isabela},
title = {{Economic Insecurity and Social Policy Expansion: Evidence from Interwar Europe}},
journal = {International Organization},
year = {2004},
volume = {58},
number = {04},
month = oct
}

@article{Milner:2004uh,
author = {Milner, Helen V and Judkins, Benjamin},
title = {{Partisanship, Trade Policy, and Globalization: Is There a Left--Right Divide on Trade Policy?}},
journal = {International Studies Quarterly},
year = {2004},
pages = {1--26},
month = dec
}

@article{North:2005vh,
author = {North, Douglass C},
title = {{1. Institutions and the Performance of Economies Over Time}},
journal = {Handbook of New Institutional Economics},
year = {2005},
pages = {1--10},
month = jun
}

@article{OBrien:1980uj,
author = {O'Brien, Rita Cruise and Helleiner, G.K.},
title = {{￼The political economy of information in a changing international economic order}},
journal = {International Organization},
year = {1980},
pages = {1--27},
month = oct
}

@article{Commerce:2000vj,
author = {Commerce, US Dpt of},
title = {{Falling Through the Net}},
year = {2000},
pages = {1--139},
month = oct
}

@article{OECD:2001up,
author = {{OECD}},
title = {{￼￼￼￼￼￼￼￼￼￼￼￼￼UNDERSTANDING THE DIGITAL DIVIDE}},
year = {2001},
pages = {1--32},
month = jan
}

@article{CHOI:2006eb,
author = {CHOI, SEUNG-WHAN and James, Patrick},
title = {{Media Openness, Democracy and Militarized Interstate Disputes}},
journal = {British Journal of Political Science},
year = {2006},
volume = {37},
number = {01},
pages = {23},
month = dec
}

@article{KNIGHT:2006hj,
author = {Knight, Kathleen},
title = {{Transformations of the Concept of Ideology in the Twentieth Century}},
journal = {American Political Science Review},
year = {2006},
volume = {100},
number = {04},
pages = {619--626},
month = nov
}

@article{Petrova:2011ca,
author = {Petrova, Maria},
title = {{Newspapers and Parties: How Advertising Revenues Created an Independent Press}},
journal = {American Political Science Review},
year = {2011},
volume = {105},
number = {04},
pages = {790--808},
month = oct
}

@article{Piazza:2005gc,
author = {Piazza, James A},
title = {{Globalizing Quiescence: Globalization, Union Density and Strikes in 15 Industrialized Countries}},
journal = {Economic and Industrial Democracy},
year = {2005},
volume = {26},
number = {2},
pages = {289--314},
month = may
}

@webpage{Camber:2013ul,
author = {Warren, T Camber},
title = {{Not by the Sword Alone: Soft Power, Mass Media, and the Production of State Sovereignty}},
year = {2013},
month = Forthcoming,
url = {http://www.camberwarren.net/Warren.SoftPower.pdf}
}

@article{Plumper:2005ul,
author = {Pl{\"u}mper, Thomas and Troeger, Vera E and Manow, Philip},
title = {{Panel data analysis in comparative politics: Linking method to theory}},
year = {2005},
pages = {1--28},
month = feb
}

@article{Elkin:2008va,
author = {Elkin, Stephen L},
title = {{Political Theory and Political Economy}},
journal = {Handbook of Political Theory},
year = {2008},
pages = {1--19},
month = mar
}

@article{KURIZAKI:2007hq,
author = {KURIZAKI, SHUHEI},
title = {{Efficient Secrecy: Public versus Private Threats in Crisis Diplomacy}},
journal = {American Political Science Review},
year = {2007},
volume = {101},
number = {03},
pages = {543--558},
month = jul
}

@article{Przeworski:2008tz,
author = {Przeworski, Adam},
title = {{Self-Enforcing Democracy}},
journal = {Handbook of Political Economy},
year = {2008},
pages = {1--25},
month = mar
}

@article{Quinn:1997vf,
author = {Quinn, Dennis P and Inclan, Carla},
title = {{The Origins of Financial Openness: A Study of Current and Capital Account Liberalization}},
journal = {American Journal of Political Science},
year = {1997},
pages = {1--44},
month = mar
}

@article{Swank:2010vw,
author = {Swank, Duane},
title = {{Globalization}},
journal = {Handbook of the Welfare State},
year = {2010},
pages = {1--16},
month = mar
}

@article{Fearon:2003ht,
author = {Fearon, James D and LAITIN, DAVID D},
title = {{Ethnicity, Insurgency, and Civil War}},
journal = {American Political Science Review},
year = {2003},
volume = {97},
number = {01},
pages = {75},
month = mar
}

@article{Urbatsch:2013ff,
author = {Urbatsch, Robert},
title = {{A Referendum on Trade Theory: Voting on Free Trade in Costa Rica}},
journal = {International Organization},
year = {2013},
volume = {67},
number = {01},
pages = {197--214},
month = jan
}

@article{Hellwig:2011iu,
author = {Hellwig, Timothy and Coffey, Eva},
title = {{Public opinion, party messages, and responsibility for the financial crisis in Britain}},
journal = {Electoral Studies},
year = {2011},
volume = {30},
number = {3},
pages = {417--426},
month = sep
}

@article{Navarro:2013vu,
author = {Navarro, Daniel},
title = {{Learning statistics with R: A tutorial for psychology students and other beginners
}},
year = {2013},
pages = {1--542},
month = jan
}

@article{Hellwig:2007jr,
author = {Hellwig, Timothy},
title = {{Economic openness, policy uncertainty, and the dynamics of government support}},
journal = {Electoral Studies},
year = {2007},
volume = {26},
number = {4},
pages = {772--786},
month = dec
}

@article{Hellwig:2007fg,
author = {Hellwig, Timothy and Samuels, David},
title = {{Electoral Accountability and the Variety of Democratic Regimes}},
journal = {British Journal of Political Science},
year = {2007},
volume = {38},
number = {01},
month = dec
}

@article{Alcaniz:2010gb,
author = {Alca{\~n}iz, Isabella and Hellwig, Timothy},
title = {{Who's to Blame? The Distribution of Responsibility in Developing Democracies}},
journal = {British Journal of Political Science},
year = {2010},
volume = {41},
number = {02},
pages = {389--411},
month = nov
}

@article{Swank:2006tm,
author = {Swank, Duane},
title = {{Tax Policy in an Era of Internationalization: Explaining the Spread of Neoliberalism}},
journal = {International Organization},
year = {2006},
pages = {1--36},
month = oct
}

@article{Swank:2008uh,
author = {Swank, Duane},
title = {{Syllabus on Comparative Politics of Globalization}},
year = {2008},
pages = {1--12},
month = jan
}

@article{Report:2009wd,
author = {{Report}},
title = {{Trade Adjustment Assistance for Workers}},
year = {2009},
pages = {1--15},
month = dec
}

@article{Jenifer:2009wk,
author = {Jenifer, Whitten-Woodring},
title = {{Watchdog or Lapdog? Media Freedom, Regime Type, and Government Respect for Human Rights}},
journal = {International Studies Quarterly},
year = {2009},
pages = {1--31},
month = aug
}

@article{ErikWibbels:2003ts,
author = {Wibbels, Erik and Arce, Mois{\'e}s},
title = {{Globalization, Taxation, and Burden-Shifting in Latin America}},
journal = {International Organization},
year = {2003},
volume = {57},
pages = {1--26}
}

@article{Enikolopov:2010wg,
author = {Enikolopov, Ruben and Petrova, Maria and Zhuravskaya, Ekaterina},
title = {{Media and Political Persuasion: Evidence from Russia}},
journal = {American Economic Review},
year = {2010},
pages = {1--54},
month = aug
}

@article{Lukes:2005te,
author = {Lukes, Steven},
title = {{Power and the Battle for Hearts and Minds}},
journal = {Millennium-Journal of International Studies},
year = {2005},
volume = {33},
number = {3},
pages = {477--493}
}

@article{DellaVigna:2007wq,
author = {DellaVigna, Stefano and Kaplan, Ethan},
title = {{The Fox News Effect: Media Bias and Voting}},
journal = {The Quarterly Journal of Economics},
year = {2007},
pages = {1--48},
month = jul
}

@article{Arcenaux:2003ue,
author = {Arceneaux, Kevin},
title = {{The Conditional Impact of Blame Attribution on the Relationship Between Economic Adversity and Turnout}},
journal = {Political Research Quarterly},
year = {2003},
pages = {1--10},
month = nov
}

@article{Baron:1994wj,
author = {Baron, David P},
title = {{ELECTORAL COMPETITION WITH INFORMED AND UNINFORMVED VOTERS}},
journal = {American Political Science Review},
year = {1994},
pages = {1--16},
month = dec
}

@article{Eisensee:2007wl,
author = {Eisensee, Thomas and Str{\"o}mberg, David},
title = {{News Droughts, News Floods, and U.S. Disaster Relief}},
journal = {The Quarterly Journal of Economics},
year = {2007},
pages = {1--36},
month = may
}

@article{Gerber:2009by,
author = {Gerber, Alan S and Karlan, Dean and Bergan, Daniel},
title = {{Does the Media Matter? A Field Experiment}},
journal = {American Economic Journal: Applied Economics},
year = {2009},
pages = {1--19},
month = nov
}

@article{Sambanis:2004dv,
author = {Sambanis, N},
title = {{What Is Civil War?: Conceptual and Empirical Complexities of an Operational Definition}},
journal = {Journal of Conflict Resolution},
year = {2004},
volume = {48},
number = {6},
pages = {814--858},
month = dec
}

@incollection{Meinhoffe:2011ve,
author = {Meinhoffe, Ulrich},
title = {{Columnism}},
booktitle = {Everybody Talks About the Weather . . . We Don't},
year = {2011},
pages = {1--6},
publisher = {Seven Stories Press},
month = jan
}

@article{Gomez:2003vb,
author = {Gomez, Brad T and Wilson, J Matthew},
title = {{￼Causal Attribution and Economic Voting in American Congressional Elections}},
journal = {Political Research Quarterly},
year = {2003},
pages = {1--13},
month = nov
}

@article{Kern:2009fp,
author = {Kern, H L and Hainmueller, J},
title = {{Opium for the Masses: How Foreign Media Can Stabilize Authoritarian Regimes}},
journal = {Political Analysis},
year = {2009},
volume = {17},
number = {4},
pages = {377--399},
month = oct
}

@book{LeviStrauss:1969ug,
author = {Levi-Strauss, Claude},
title = {{Elementary Structures of Kinship}},
publisher = {Beacon Press (MA)},
year = {1969}
}

@book{Machiavelli:1921wx,
author = {Machiavelli, Niccolo},
title = {{The Prince}},
publisher = {Oxford University Press},
year = {1921},
address = {London}
}

@article{Shi:2006jt,
author = {Shi, Min and Svensson, Jakob},
title = {{Political budget cycles: Do they differ across countries and why?}},
journal = {Journal of Public Economics},
year = {2006},
volume = {90},
number = {8-9},
pages = {1367--1389},
month = sep
}

@article{JamesMSnyder:2012th,
author = {Snyder, James M Jr and Str{\"o}mberg, David},
title = {{Press Coverage and Political Accountability}},
journal = {Journal of Political Economy},
year = {2012},
pages = {1--47},
month = mar
}

@article{Stromberg:2001vi,
author = {Str{\"o}mberg, David},
title = {{Mass media and public policy}},
journal = {European Economic Review},
year = {2001},
pages = {1--12},
month = apr
}

@article{Stromberg:2004tx,
author = {Str{\"o}mberg, David},
title = {{Radio's Impact on Public Spending}},
journal = {The Quarterly Journal of Economics},
year = {2004},
pages = {1--34},
month = apr
}

@article{Kayser:2007iga,
author = {Kayser, Mark Andreas},
title = {{How Domestic Is Domestic Politics? Globalization and Elections}},
journal = {Annual Review of Political Science},
year = {2007},
volume = {10},
number = {1},
pages = {341--362},
month = jun,
annote = {347 my puzzle}
}

@misc{Chrique:1993us,
title = {{Legidoscope: Trend Surveys of French Public Opinion and Media Usage, September 1992-May 1993}},
author = {Chrique, Philippe},
howpublished = {Inter-university Consortium for Political and Social Research }
}

@article{Powell:1993wd,
author = {Powell, G Bingham and Whitten, Guy D},
title = {{￼A Cross-National Analysis of Economic Voting: Taking Account of the Political Context}},
journal = {American Journal of Political Science},
year = {1993},
pages = {1--25},
month = may
}

@article{Scheve:2001ur,
author = {Scheve, Kenneth F and Slaughter, Matthew J},
title = {{What determines individual trade-policy preferences?}},
journal = {Journal of International Economics},
year = {2001},
volume = {54},
pages = {267--292},
month = apr
}

@article{Iyengar:1989tm,
author = {Iyengar, Shanto},
title = {{￼How Citizens Think about National Issues: A Matter of Responsibility}},
journal = {American Journal of Political Science},
year = {1989},
pages = {1--24},
month = may
}

@article{Stolper:1941vp,
author = {Stolper, Wolfgang F and Samuelson, Paul A},
title = {{￼Protection and Real Wages}},
journal = {The Review of Economic Studies},
year = {1941},
pages = {1--17},
month = dec
}

@article{Barclay:2008wf,
author = {Barclay, Brianne},
title = {{Outreg Stata Lesson}},
year = {2008},
pages = {1--10},
month = apr
}

@article{KishoreGawande:2006we,
author = {Kishore Gawande, Bernard Hoekman},
title = {{Lobbying and Agricultural Trade Policy in the United States}},
year = {2006},
pages = {1--35},
month = jul
}

@article{Puglisi:2007wp,
author = {Puglisi, Riccardo},
title = {{The Spin Doctor Meets the Rational Voter: Electoral Competition when Mass Media have Agenda-Setting E{\S}ects}},
year = {2007},
pages = {1--40},
month = jul
}

@article{Howard:2012dw,
author = {Howard, Philip N and Parks, Malcolm R},
title = {{Social Media and Political Change: Capacity, Constraint, and Consequence}},
journal = {Journal of Communication},
year = {2012},
volume = {62},
number = {2},
pages = {359--362},
month = feb
}

@article{Hamdy:2012ja,
author = {Hamdy, Naila and Gomaa, Ehab H},
title = {{Framing the Egyptian Uprising in Arabic Language Newspapers and Social Media}},
journal = {Journal of Communication},
year = {2012},
volume = {62},
number = {2},
pages = {195--211},
month = mar
}

@article{Hassid:2012gx,
author = {Hassid, Jonathan},
title = {{Safety Valve or Pressure Cooker? Blogs in Chinese Political Life}},
journal = {Journal of Communication},
year = {2012},
volume = {62},
number = {2},
pages = {212--230},
month = feb
}

@article{Lim:2012cs,
author = {Lim, Merlyna},
title = {{Clicks, Cabs, and Coffee Houses: Social Media and Oppositional Movements in Egypt, 2004-2011}},
journal = {Journal of Communication},
year = {2012},
volume = {62},
number = {2},
pages = {231--248},
month = feb
}

@article{Nisbet:2012kx,
author = {Nisbet, Erik C and Stoycheff, Elizabeth and Pearce, Katy E},
title = {{Internet Use and Democratic Demands: A Multinational, Multilevel Model of Internet Use and Citizen Attitudes About Democracy}},
journal = {Journal of Communication},
year = {2012},
volume = {62},
number = {2},
pages = {249--265},
month = mar
}

@book{Graeber:2011uz,
author = {Graeber, David},
title = {{Debt}},
publisher = {Melville House},
year = {2011},
series = {The First 5,000 Years},
month = jul
}

@article{Seo:2012fs,
author = {Seo, Hyunjin and Thorson, Stuart J},
title = {{Networks of Networks: Changing Patterns in Country Bandwidth and Centrality in Global Information Infrastructure, 2002-2010}},
journal = {Journal of Communication},
year = {2012},
volume = {62},
number = {2},
pages = {345--358},
month = feb
}

@article{Bailard:2012iv,
author = {Bailard, Catie Snow},
title = {{A Field Experiment on the Internet's Effect in an African Election: Savvier Citizens, Disaffected Voters, or Both?}},
journal = {Journal of Communication},
year = {2012},
volume = {62},
number = {2},
pages = {330--344},
month = mar
}

@article{Valenzuela:2012jw,
author = {Valenzuela, Sebasti{\'a}n and Arriagada, Arturo and Scherman, Andr{\'e}s},
title = {{The Social Media Basis of Youth Protest Behavior: The Case of Chile}},
journal = {Journal of Communication},
year = {2012},
volume = {62},
number = {2},
pages = {299--314},
month = feb
}

@article{Pearce:2012fm,
author = {Pearce, Katy E and Kendzior, Sarah},
title = {{Networked Authoritarianism and Social Media in Azerbaijan}},
journal = {Journal of Communication},
year = {2012},
volume = {62},
number = {2},
pages = {283--298},
month = mar
}

@article{Papacharissi:2012ep,
author = {Papacharissi, Zizi and de Fatima Oliveira, Maria},
title = {{Affective News and Networked Publics: The Rhythms of News Storytelling on {\#}Egypt}},
journal = {Journal of Communication},
year = {2012},
volume = {62},
number = {2},
pages = {266--282},
month = feb
}

@article{Youmans:2012bh,
author = {Youmans, William Lafi and York, Jillian C},
title = {{Social Media and the Activist Toolkit: User Agreements, Corporate Interests, and the Information Infrastructure of Modern Social Movements}},
journal = {Journal of Communication},
year = {2012},
volume = {62},
number = {2},
pages = {315--329},
month = mar
}

@article{Boulianne:2009bd,
author = {Boulianne, Shelley},
title = {{Does Internet Use Affect Engagement? A Meta-Analysis of Research}},
journal = {Political Communication},
year = {2009},
volume = {26},
number = {2},
pages = {193--211},
month = may
}

@article{MatthewABaum:2010up,
author = {Baum, Matthew A and Groeling, Tim},
title = {{Reality Asserts Itself: Public Opinion on Iraq and the Elasticity of Reality}},
journal = {International Organization},
year = {2010},
volume = {64},
pages = {443--479}
}

@article{Adsera:2003cc,
author = {Adser{\`a}, Al{\'\i}cia and Boix, Carles and Payne, Mark},
title = {{Are You Being Served? Political Accountability and Quality of Government}},
journal = {Journal of Law, Economics, and Organization},
year = {2003},
volume = {19},
number = {2},
pages = {445--490},
month = oct
}

@article{Stallabrass:2012wo,
author = {Stallabrass, Julian},
title = {{Digital Partisans}},
journal = {New Left Review},
year = {2012},
pages = {1--15},
month = apr
}

@article{Stallabrass:2002wz,
author = {Stallabrass, Julian},
title = {{DIGITAL COMMONS}},
journal = {New Left Review},
year = {2002},
pages = {1--6},
month = may
}

@article{Stallabrass:2003vw,
author = {Stallabrass, Julian},
title = {{Empowering Technology: The Exploration of Cyberspace}},
journal = {New Left Review},
year = {2003},
pages = {1--30},
month = nov
}

@article{Streeck:2012vu,
author = {Streeck, Wolfgang},
title = {{Markets and Peoples}},
journal = {New Left Review},
year = {2012},
pages = {1--9},
month = feb
}

@article{Streeck:2011wj,
author = {Streeck, Wolfgang},
title = {{The Crises of Democratic Capitalism}},
journal = {New Left Review},
year = {2011},
pages = {1--25},
month = oct
}

@article{Habermas:2003vz,
author = {Habermas, Jurgen},
title = {{The European Nation-State and the Pressures of Globalization}},
journal = {New Left Review},
year = {2003},
pages = {1--14},
month = feb
}

@article{Anonymous:2008tf,
title = {{￼References}},
year = {2008},
pages = {1--21},
month = jul
}

@book{Kleiber:2008bn,
author = {Kleiber, Christian and Zeileis, Achim},
title = {{Applied Econometrics with R (Diagnostics/Alternatives)}},
publisher = {Springer New York},
year = {2008},
address = {New York, NY}
}

@book{Kleiber:2008bna,
author = {Kleiber, Christian and Zeileis, Achim},
title = {{Applied Econometrics with R (Basics)}},
publisher = {Springer New York},
year = {2008},
address = {New York, NY}
}

@book{Kleiber:2008bnb,
author = {Kleiber, Christian and Zeileis, Achim},
title = {{Applied Econometrics with R (Linear Regression)}},
publisher = {Springer New York},
year = {2008},
address = {New York, NY}
}

@article{Anonymous:2008ua,
title = {{FrontMatter}},
year = {2008},
pages = {1--9},
month = jul
}

@book{Kleiber:2008bnc,
author = {Kleiber, Christian and Zeileis, Achim},
title = {{Applied Econometrics with R (Programming Your Own)}},
publisher = {Springer New York},
year = {2008},
address = {New York, NY}
}

@book{Kleiber:2008bnd,
author = {Kleiber, Christian and Zeileis, Achim},
title = {{Applied Econometrics with R (Models of Microeconometrics)}},
publisher = {Springer New York},
year = {2008},
address = {New York, NY}
}

@book{Kleiber:2008bne,
author = {Kleiber, Christian and Zeileis, Achim},
title = {{Applied Econometrics with R (Introduction)}},
publisher = {Springer New York},
year = {2008},
address = {New York, NY}
}

@book{Kleiber:2008bnf,
author = {Kleiber, Christian and Zeileis, Achim},
title = {{Applied Econometrics with R (Time Series)}},
publisher = {Springer New York},
year = {2008},
address = {New York, NY}
}

@book{Tiqqun:2010ww,
author = {{Tiqqun}},
editor = {Galloway, Alexander R and Smith, Jason E},
title = {{Introduction to Civil War}},
publisher = {Semiotext},
year = {2010},
month = feb
}

@article{Brunetti:2003wy,
author = {Brunetti, Aymo and Weber, Beatrice},
title = {{A free press is bad news for corruption}},
journal = {Journal of Public Economics},
year = {2003},
pages = {1--24},
month = jul
}

@misc{CorrelatesofWarPr:wp,
title = {{Correlates of War Project: International and Civil War Data, 1816-1992 (International Wars)}},
author = {Singer, David J and Small, Melvin},
howpublished = {Inter-university Consortium for Political and Social Research}
}

@article{Lei:2011bt,
author = {Lei, Ya-Wen},
title = {{The Political Consequences of the Rise of the Internet: Political Beliefs and Practices of Chinese Netizens}},
journal = {Political Communication},
year = {2011},
volume = {28},
number = {3},
pages = {291--322},
month = jul
}

@book{Wickham:2009ft,
author = {Wickham, Hadley},
title = {{Chapter 2 - Getting Started with qplot}},
publisher = {Springer New York},
year = {2009},
address = {New York, NY}
}

@booklet{Keohane:1996ve,
title = {{Internationalization and Domestic Politics}},
howpublished = {Cambridge University Press},
address = {Cambridge},
year = {1996}
}

@article{EGOROV:2009hc,
author = {Egorov, Georgy and Gurieve, Surgei and Sonin, Konstantin},
title = {{Why Resource-Poor Dictators Allow Freer Media: A Theory and Evidence from Panel Data}},
journal = {American Political Science Review},
year = {2009},
volume = {103},
number = {04},
pages = {645},
month = nov
}

@article{Fordham:2012vy,
author = {Fordham, Benjamin and Kleinberg, Katja B},
title = {{How Can Economic Interests Influence Support for Free Trade}},
journal = {International Organization},
year = {2012},
pages = {1--18},
month = mar
}

@article{Anonymous:2009vx,
title = {{GGplot - Elegant Graphics for Data Analysis}},
year = {2009},
pages = {1--7},
month = jun
}

@article{Anonymous:2zGtquQZ,
title = {{R Data Import/Export￼}},
year = {2012},
pages = {1--38},
month = mar
}

@article{Anonymous:Vjftyc1w,
title = {{Data analysis of my own tweets.}},
year = {2012},
pages = {1--7},
month = may
}

@article{Wlezien:2012uw,
author = {Wlezien, Christopher},
title = {{Time Series Lecture Notes}},
year = {2012},
pages = {1--168},
month = may
}

@article{Breen:2011ux,
author = {Breen, Jeffrey},
title = {{Mining Twitter for consumer attitudes towards airlines}},
year = {2011},
pages = {1--30},
month = jul
}

@incollection{Keohane:1996tg,
author = {Keohane, Robert O and Milner, Helen V},
title = {{Internationalization and Domestic Politics: An Introduction}},
booktitle = {Internationalization and Domestic Politics},
year = {1996},
editor = {Keohane, Robert O and Milner, Helen V},
publisher = {Cambridge University Press},
address = {Cambridge},
annote = {pp. 21 - "Furthermore, those people who would gain from change may not interpret the price signals correctly or may be uncertain about the extent of their prospective gains, while entrenched groups may be more intent on defending their interests."

pp21. "Domestic institutions may simply be able to block any changes from occurring even in the face of internationalization."
}
}

@incollection{Frieden:1996tf,
author = {Frieden, Jeffry A and Rogowski, Ronald},
title = {{The Impact of the International Economy on National Policies: An Analytical Overview}},
booktitle = {Internationalization and Domestic Politics},
year = {1996},
editor = {Keohane, Robert and Milner, Helen V},
publisher = {Cambridge University Press},
address = {Cambridge}
}

@techreport{Anonymous:KZbf44Su,
title = {{Document1}},
year = {2011},
month = apr
}

@article{Wright:2009is,
author = {Wright, Joseph},
title = {{How Foreign Aid Can Foster Democratization in Authoritarian Regimes}},
journal = {American Journal of Political Science},
year = {2009},
volume = {53},
number = {3},
pages = {552--571},
month = jul
}

@article{Savun:2011uu,
author = {Savun, Burcu and Tirone, Daniel},
title = {{Foreign Aid, Democratization, and Civil Conflict: How Does Democracy Aid Affect Civil Conflict?}},
journal = {American Journal of Political Science},
year = {2011},
volume = {55},
number = {2},
month = mar
}

@webpage{Fatton:1999ua,
author = {Fatton, Robert Jr},
title = {{The Impairments of Democratization: Haiti in Comparative Perspective}},
year = {1999},
month = jan,
url = {http://www.jstor.org.libproxy.temple.edu/stable/422145?seq=14&Search=yes&searchText=funding&searchText=democratization&list=hide&searchUri=%2Faction%2FdoBasicSearch%3FQuery%3Ddemocratization%2Bfunding%26acc%3Don%26wc%3Don%26fc%3Doff&prevSearch=&item=18&ttl=5685&returnArticleService=showFullText&resultsServiceName=null}
}

@article{Zaffiro:2000vp,
author = {Zaffiro, James},
title = {{Broadcasting Reform and Democratization in Botswana}},
journal = {Africa Today},
year = {2000},
volume = {47},
number = {1},
pages = {87--102},
month = jan
}

@article{Hiskey:2005vg,
author = {Hiskey, Jonathan T and Bowler, Shaun},
title = {{Local Context and Democratization in Mexico}},
journal = {American Journal of Political Science},
year = {2005},
volume = {49},
number = {1},
pages = {57--71},
month = jan
}

@article{Morrison:2007th,
author = {Morrison, Kevin M},
title = {{Natural Resources, Aid, and Democratization: A Best-Case Scenario}},
journal = {Public Choice},
year = {2007},
volume = {131},
number = {3/4},
pages = {365--386},
month = jan
}

@article{Peemans:1975vk,
author = {Peemans, J Ph},
title = {{The Social and Economic Development of Zaire since Independence: An Historical Outline}},
journal = {African Affairs},
year = {1975},
volume = {74},
number = {295},
pages = {148--179},
month = jan
}

@article{Kurtz:2002wo,
author = {Kurtz, Marcus J},
title = {{Understanding the Third World Welfare State after Neoliberalism: The Politics of Social Provision in Chile and Mexico}},
journal = {Comparative Politics},
year = {2002},
volume = {34},
number = {3},
pages = {293--313},
month = jan
}

@article{Kurtz:2011jt,
author = {Kurtz, Marcus J and Brooks, Sarah M},
title = {{Embedding Neoliberal Reform in Latin America}},
journal = {World Politics},
year = {2011},
volume = {60},
number = {02},
pages = {231--280},
month = jun
}

@article{Kurtz:1999vm,
author = {Kurtz, M J},
title = {{Chile's Neo-Liberal Revolution: Incremental Decisions and Structural Transformation, 1973--89}},
journal = {Journal of Latin American Studies},
year = {1999}
}

@article{Hellwig:2007gn,
author = {Hellwig, T and Samuels, D},
title = {{Voting in Open Economies: The Electoral Consequences of Globalization}},
journal = {Comparative Political Studies},
year = {2007},
volume = {40},
number = {3},
pages = {283--306},
month = mar
}

@article{Mutz:1992ww,
author = {Mutz, DC},
title = {{Mass Media and the Depoliticization of Personal Experience}},
journal = {American Journal of Political Science},
year = {1992}
}

@article{Hellwig:2007wt,
author = {Hellwig, Timothy},
title = {{Globalization and Perceptions of Policy Maker Competence: Evidence from France}},
journal = {Political Research Quarterly},
year = {2007},
volume = {60},
number = {1},
pages = {146--158},
month = mar
}

@article{Kurtz:1999ul,
author = {Kurtz, M J},
title = {{Free markets and democratic consolidation in Chile: the national politics of rural transformation}},
journal = {Politics {\&} Society},
year = {1999}
}

@article{Arce:2008da,
author = {Arce, Mois{\'e}s},
title = {{The Repoliticization of Collective Action After Neoliberalism in Peru}},
journal = {Latin American Politics and Society},
year = {2008},
volume = {50},
number = {3},
pages = {37--62},
month = aug
}

@book{bethell1985central,
author = {Bethell, L},
title = {{Central America since independence}},
publisher = {Cambridge University Press},
year = {1985},
series = {Cambridge history of Latin America},
annote = {Honduras pp 212 - 213. }
}

@article{:2007wb,
author = {0006, 376 377 000u 000d 000l 0001},
title = {{\376\377\000R\000a\000n\000c\000i\000e\000r\000e\000T\000H\000E\000S\000E\000S\000O\000N\000P\000O\000L\000I\000T\000I\000C\000S}},
year = {2007},
pages = {1--16},
month = aug
}

@article{Wlezien:1997ia,
author = {Wlezien, Christopher and Franklin, Mark and Twiggs, Daniel},
title = {{Economic Perceptions and Vote Choice: Disentangling the Endogeneity}},
journal = {Political Behavior},
year = {1997},
volume = {19},
number = {1},
pages = {7--17}
}

@article{Hood:2002ko,
author = {Hood, Christopher},
title = {{The Risk Game and the Blame Game}},
journal = {Government and Opposition},
year = {2002},
volume = {37},
number = {1},
pages = {15--37},
month = jan
}

@article{Hood:2007do,
author = {Hood, Christopher},
title = {{What happens when transparency meets blame-avoidance?}},
journal = {Public Management Review},
year = {2007},
volume = {9},
number = {2},
pages = {191--210},
month = jun
}

@article{Hood:2009ed,
author = {Hood, Christopher and jennings, Will and Dixon, Ruth and Hogwood, Brian and Beeston, Craig},
title = {{Testing times: Exploring staged responses and the impact of blame management strategies in two examination fiasco cases}},
journal = {European Journal of Political Research},
year = {2009},
volume = {48},
number = {6},
pages = {695--722},
month = oct
}

@article{Mercken:2010ct,
author = {Mercken, L and Snijders, T A B and Steglich, C and Vartiainen, E and de Vries, H},
title = {{Dynamics of adolescent friendship networks and smoking behavior}},
journal = {Social Networks},
year = {2010},
volume = {32},
number = {1},
pages = {72--81},
month = jan
}

@article{Anonymous:gf880CMv,
title = {{Krackhardt (1987) - QAP Partialling}},
year = {2002},
pages = {1--16},
month = mar
}

@article{Anonymous:9_vyk2D9,
title = {{COMPARINGNETWORKSACROSS SPACEAND TIME,SIZEAND SPECIESKatherineFaust* John Skvoretzt}},
year = {2008},
pages = {1--34},
month = jan
}

@article{Anonymous:Maps9MAB,
title = {{BIRDS OF A FEATHER, OR FRIEND OF A FRIEND? USING EXPONENTIAL RANDOM GRAPH MODELS TO INVESTIGATE ADOLESCENT SOCIAL NETWORKS*}},
year = {2010},
pages = {1--23},
month = dec
}

@article{Anonymous:hy2m-gtt,
title = {{Journal of Statistical Software}},
year = {2008},
pages = {1--23},
month = may
}

@article{Hanneke:2010fo,
author = {Hanneke, Steve and Fu, Wenjie and Xing, Eric P},
title = {{Discrete temporal models of social networks}},
journal = {Electronic Journal of Statistics},
year = {2010},
volume = {4},
number = {0},
pages = {585--605}
}

@article{Anonymous:f2-BymJu,
title = {{ajps_451_LR}},
year = {2010},
pages = {1--18},
month = jun
}

@article{Anonymous:pf49hG2z,
title = {{Manufacturing Relations: An Empirical Study of the Organization of Production Across Multiple Networks}},
year = {2008},
pages = {1--21},
month = apr
}

@article{Lazega:2012kd,
author = {Lazega, Emmanuel and Mounier, Lise and Snijders, Tom and Tubaro, Paola},
title = {{Norms, status and the dynamics of advice networks: A case study}},
journal = {Social Networks},
year = {2012},
volume = {34},
number = {3},
pages = {323--332},
month = jul
}

@article{King:1989vu,
author = {King, Gary},
title = {{Event Count Models for International Relations: Generalizations and Applications}},
journal = {International Studies Quarterly},
year = {1989},
volume = {33},
number = {2},
pages = {123--147},
month = jan
}

@article{Anonymous:yOgcRBP9,
title = {{Journal of Statistical Software}},
year = {2008},
pages = {1--51},
month = may
}

@article{Desmarais:2012he,
author = {Desmarais, B A and Cranmer, S J},
title = {{Statistical mechanics of networks: Estimation and uncertainty}},
journal = {Physica A},
year = {2012},
volume = {391},
number = {4},
pages = {1865--1876},
month = feb
}

@article{Blundell:2002km,
author = {Blundell, Richard and Griffith, Rachel and Windmeijer, Frank},
title = {{Individual effects and dynamics in count data models}},
journal = {Journal of Econometrics},
year = {2002},
volume = {108},
number = {1},
pages = {113--131},
month = may
}

@article{Anonymous:g7LLJOi6,
title = {{Journal of Statistical Software}},
year = {2008},
pages = {1--29},
month = may
}

@article{Hoff:2002gg,
author = {Hoff, Peter D and Raftery, Adrian E and Handcock, Mark S},
title = {{Latent Space Approaches to Social Network Analysis}},
journal = {Journal of the American Statistical Association},
year = {2002},
volume = {97},
number = {460},
pages = {1090--1098},
month = dec
}

@webpage{Swank:to,
author = {Swank, Duane},
title = {{Electoral, Legislative, and Government Strength of Political Parties by Ideological Group in Capitalist Democracies, 1950-2006: A Database}},
url = {http://www.marquette.edu/polisci/documents/part19502006codeupd.pdf}
}

@webpage{Golden:2009us,
author = {Golden, Miriam and Lange, Peter and Wallerstein, Michael},
title = {{Union Centralization among Advanced Industrial Societies: An Empirical Study }},
year = {2009},
month = jul,
url = {http://hdl.handle.net/1902.1/10193}
}

@article{Brandt:2005ew,
author = {Brandt, P T},
title = {{Advances in Bayesian Time Series Modeling and the Study of Politics: Theory Testing, Forecasting, and Policy Analysis}},
journal = {Political Analysis},
year = {2005},
volume = {14},
number = {1},
pages = {1--36},
month = may
}

@article{Brandt:2009dl,
author = {Brandt, Patrick T and Sandler, Todd},
title = {{Hostage taking: Understanding terrorism event dynamics}},
journal = {Journal of Policy Modeling},
year = {2009},
volume = {31},
number = {5},
pages = {758--778},
month = sep
}

@article{Anonymous:ff4z5BPE,
title = {{Diebold et al (1998) - Evaluating Density Forecasts}},
year = {2008},
pages = {1--22},
month = jan
}

@article{Gneiting:2007go,
author = {Gneiting, Tilmann and Raftery, Adrian E},
title = {{Strictly Proper Scoring Rules, Prediction, and Estimation}},
journal = {Journal of the American Statistical Association},
year = {2007},
volume = {102},
number = {477},
pages = {359--378},
month = mar
}

@article{Anonymous:id6Lhs_3,
title = {{Sims {\&} Zha (1999) - Error Bands for Impulse Responses}},
year = {2007},
pages = {1--44},
month = dec
}

@article{Waggoner:2003ib,
author = {Waggoner, Daniel F and Zha, Tao},
title = {{Likelihood preserving normalization in multiple equation models}},
journal = {Journal of Econometrics},
year = {2003},
volume = {114},
number = {2},
pages = {329--347},
month = jun
}

@article{Bai:2003ge,
author = {Bai, Jushan and Perron, Pierre},
title = {{Computation and analysis of multiple structural change models}},
journal = {Journal of Applied Econometrics},
year = {2003},
volume = {18},
number = {1},
pages = {1--22}
}

@article{Brandt:2009ev,
author = {Brandt, P T and Freeman, J R},
title = {{Modeling Macro-Political Dynamics}},
journal = {Political Analysis},
year = {2009},
volume = {17},
number = {2},
pages = {113--142},
month = apr
}

@article{Congdon:2007hp,
author = {Congdon, P},
title = {{Bayesian modelling strategies for spatially varying regression coefficients: A multivariate perspective for multiple outcomes}},
journal = {Computational Statistics {\&} Data Analysis},
year = {2007},
volume = {51},
number = {5},
pages = {2586--2601},
month = feb
}

@article{Anonymous:8J2z6rtm,
title = {{THEPOLITICALMANIPULATION OF MACROECONOMIPCOLICY}},
year = {2008},
pages = {1--30},
month = apr
}

@article{Pickup:2008kk,
author = {Pickup, Mark and Johnston, Richard},
title = {{Campaign trial heats as election forecasts: Measurement error and bias in 2004 presidential campaign polls}},
journal = {International Journal of Forecasting},
year = {2008},
volume = {24},
number = {2},
pages = {272--284},
month = apr
}

@article{Brandt:2012ed,
author = {Brandt, P T and Sandler, T},
title = {{A Bayesian Poisson Vector Autoregression Model}},
journal = {Political Analysis},
year = {2012},
volume = {20},
number = {3},
pages = {292--315},
month = jul
}

@article{Anonymous:p63VZpJf,
title = {{Freeman et al (2000) - Democracy and Markets}},
year = {2008},
pages = {1--21},
month = jan
}

@article{Anonymous:AIopCOmI,
title = {{A Linear Poisson Autoregressive Model: The Poisson AR(}},
year = {2001},
pages = {1--21},
month = mar
}

@article{Waggoner:2003cu,
author = {Waggoner, Daniel F and Zha, Tao},
title = {{A Gibbs sampler for structural vector autoregressions}},
journal = {Journal of Economic Dynamics and Control},
year = {2003},
volume = {28},
number = {2},
pages = {349--366},
month = nov
}

@article{:2007wa,
author = {23, Sci Publ Svcs Chennai India 4507 2000 Jan 05 15 06},
title = {{Probabilistic forecasts, calibration and sharpness}},
year = {2007},
pages = {1--26},
month = feb
}

@article{Anonymous:-r7v2TlL,
title = {{StationarityofmultivariateMarkov--switching ARMA models}},
year = {2001},
pages = {1--26},
month = may
}

@misc{PolityIVProjectP:2011uq,
title = {{Polity IV Project: Political Regime Characteristics and Transitions, 1800-2010}},
author = {Marshall, Monty G and Jaggers, Keith and Gurr, Ted Robert},
howpublished = {Center for Systemic Peace},
year = {2011}
}

@article{Anonymous:nry86TAJ,
title = {{Forecasting}},
year = {2007},
pages = {1--15},
month = dec
}

@article{Enders:2005go,
author = {Enders, W},
title = {{After 9/11: Is it all Different Now?}},
journal = {Journal of Conflict Resolution},
year = {2005},
volume = {49},
number = {2},
pages = {259--277},
month = apr
}

@article{Anonymous:6aw9a1Xg,
title = {{Freeman et al (1989) - Vector Autoregression {\&} Study of Politics}},
year = {2008},
pages = {1--37},
month = may
}

@article{Anonymous:TXjHuJDB,
title = {{Exchange Rate Volatility and Democratization in Emerging MarketCountries}},
year = {2008},
pages = {1--27},
month = jan
}

@article{Anonymous:1mSEdewe,
title = {{Bai {\&} Perron (1998) - Est {\&} Testing Linear Models}},
year = {2007},
pages = {1--33},
month = dec
}

@article{Brandt:2011il,
author = {Brandt, P T and Freeman, J R and Schrodt, P A},
title = {{Real Time, Time Series Forecasting of Inter- and Intra-State Political Conflict}},
journal = {Conflict Management and Peace Science},
year = {2011},
volume = {28},
number = {1},
pages = {41--64},
month = mar
}

@article{Anonymous:S5GkFdL7,
title = {{Density Forecasting: A Survey}},
year = {2012},
pages = {1--20},
month = jul
}

@article{Anonymous:MLCJWS8D,
title = {{Brandt et al (2000) - Dynamic Modeling for Persistent Event Count Time Series}},
year = {2008},
pages = {1--22},
month = jan
}

@article{Anonymous:xsR8RHvR,
title = {{Sims {\&} Zha (1998) - Bayesian Methods for Dynamic Multivariate Models}},
year = {2008},
pages = {1--21},
month = jan
}

@article{Anonymous:ji4q6B8Y,
title = {{Estimation and comparison of multiple change-point models}},
year = {1998},
pages = {1--21},
month = jun
}

@article{Anonymous:EMbG4cPl,
title = {{Moore {\&} Lanoue (2003) - Domestic Politics {\&} US Foreign Policy}},
year = {2008},
pages = {1--22},
month = apr
}

@article{Anonymous:yIRszUA9,
title = {{MULTIVARIATE DENSITY FORECAST EVALUATION AND CALIBRATION IN FINANCIAL RISK MANAGEMENT: HIGH-FREQUENCY RETURNS ON FOREIGN EXCHANGE}},
year = {1999},
pages = {1--13},
month = dec
}

@article{FruhwirthSchnatter:2001kl,
author = {Fr{\"u}hwirth-Schnatter, Sylvia},
title = {{Markov chain Monte Carlo Estimation of Classical and Dynamic Switching and Mixture Models}},
journal = {Journal of the American Statistical Association},
year = {2001},
volume = {96},
number = {453},
pages = {194--209},
month = mar
}

@article{Anonymous:O_fRI86j,
title = {{Computational and InferentialDifficultiesWithMixturePosterior Distributions}},
year = {2010},
pages = {1--15},
month = may
}

@article{:2010fv,
author = {Sattler, Thomas and Brandt, Patrick T and Freeman, John R.},
title = {{Democratic Accountability in Open Economies}},
journal = {Quarterly Journal of Political Science},
year = {2010},
number = {5},
pages = {71--97},
month = apr
}

@article{Anonymous:L9_vOevw,
title = {{Econometrics}},
year = {2003},
pages = {1--19},
month = feb
}

@article{Anonymous:5laVUZ2A,
title = {{Bernanke (1986) - Alt Explanations Money-Income Correlation}},
year = {2012},
pages = {1--61},
month = jul
}

@article{Brandt:2008is,
author = {Brandt, P T and Colaresi, M and Freeman, J R},
title = {{The Dynamics of Reciprocity, Accountability, and Credibility}},
journal = {Journal of Conflict Resolution},
year = {2008},
volume = {52},
number = {3},
pages = {343--374},
month = mar
}

@article{Gerring:2005uz,
author = {Gerring, John and Thacker, Strom and Moreno, Carola},
title = {{Centripetal democratic governance: A theory and global inquiry}},
journal = {American Political Science Review},
year = {2005},
volume = {99},
number = {4},
pages = {567--581},
month = nov
}

@article{Honaker:2008vv,
author = {Honaker, James and King, Gary and Blackwell, Matthew},
title = {{Amelia II: A Program for Missing Data}},
journal = {Journal of Statistical Software},
year = {2008},
volume = {45},
number = {i07}
}

@article{Ward:2007ge,
author = {Ward, M D and Hoff, P D},
title = {{Persistent Patterns of International Commerce}},
journal = {Journal of Peace Research},
year = {2007},
volume = {44},
number = {2},
pages = {157--175},
month = mar
}

@article{Snijders:2010bt,
author = {Snijders, Tom A B and van de Bunt, Gerhard G and Steglich, Christian E G},
title = {{Introduction to stochastic actor-based models for network dynamics}},
journal = {Social Networks},
year = {2010},
volume = {32},
number = {1},
pages = {44--60},
month = jan
}

@article{Administrator:2012ts,
author = {{Administrator}},
title = {{401_1.tif}},
year = {2012},
pages = {1--25},
month = jul
}

@article{otm:2007uo,
author = {{otm}},
title = {{Disputes, Democracies, and Dependencies: A Reexamination of the Kantian Peace}},
year = {2007},
pages = {1--19},
month = jun
}

@article{Zorn:2001gt,
author = {Zorn, Christopher},
title = {{Estimating between‐ and within‐cluster covariate effects, with an application to models of international disputes}},
journal = {International Interactions},
year = {2001},
volume = {27},
number = {4},
pages = {433--445},
month = sep
}

@article{Plumper:2007gj,
author = {Plumper, T and Troeger, V E},
title = {{Efficient Estimation of Time-Invariant and Rarely Changing Variables in Finite Sample Panel Analyses with Unit Fixed Effects}},
journal = {Political Analysis},
year = {2007},
volume = {15},
number = {2},
pages = {124--139},
month = feb
}

@article{Wilson:2007kz,
author = {Wilson, S E and Butler, D M},
title = {{A Lot More to Do: The Sensitivity of Time-Series Cross-Section Analyses to Simple Alternative Specifications}},
journal = {Political Analysis},
year = {2007},
volume = {15},
number = {2},
pages = {101--123},
month = feb
}

@article{ppg:2008vy,
author = {{ppg}},
title = {{Taking Time Seriously}},
year = {2008},
pages = {1--17},
month = jan
}

@article{Franzese:2007ic,
author = {Franzese, R J and Hays, J C},
title = {{Spatial Econometric Models of Cross-Sectional Interdependence in Political Science Panel and Time-Series-Cross-Section Data}},
journal = {Political Analysis},
year = {2007},
volume = {15},
number = {2},
pages = {140--164},
month = feb
}

@article{Anonymous:wJdRylRe,
title = {{Stimson (1985) - Regression in Space and Time}},
year = {2008},
pages = {1--35},
month = may
}

@article{Anonymous:KeXpoK8i,
title = {{Beck {\&} Katz (1996) - Nuisance vs. Substance}},
year = {2004},
pages = {1--36},
month = jul
}

@article{Beck:2007gs,
author = {Beck, N and Katz, J N},
title = {{Random Coefficient Models for Time-Series-Cross-Section Data: Monte Carlo Experiments}},
journal = {Political Analysis},
year = {2007},
volume = {15},
number = {2},
pages = {182--195},
month = feb
}

@article{Anonymous:8SuP2H3c,
title = {{Achen (2000) - Lagged Dependent Variables}},
year = {2012},
pages = {1--43},
month = jul
}

@article{Anonymous:DMdF8icE,
author = {Beck, Nathaniel and Katz, Jonathan N},
title = {{What to do (and not to do) with Time-Series Cross-Section Data}},
journal = {The American political science review},
year = {1995},
volume = {89},
number = {3},
pages = {634--647},
month = sep
}

@article{Anonymous:S8UQyrug,
title = {{Beck et al (1998) - Taking Time Seriously}},
year = {2007},
pages = {1--30},
month = nov
}

@article{Anonymous:y2ZlcQHu,
title = {{CALIFORNIA INSTITUTE OF TECHNOLOGY}},
year = {2004},
pages = {1--32},
month = sep
}

@article{Anonymous:Ipl32201,
title = {{Estimating Dynamic Panel Data Models in Political Science}},
year = {2002},
pages = {1--24},
month = feb
}

@article{ELHORST:2003kl,
author = {ELHORST, J P},
title = {{Specification and Estimation of Spatial Panel Data Models}},
journal = {International Regional Science Review},
year = {2003},
volume = {26},
number = {3},
pages = {244--268},
month = jul
}

@article{Shor:2007ga,
author = {Shor, B and Bafumi, J and Keele, L and Park, D},
title = {{A Bayesian Multilevel Modeling Approach to Time-Series Cross-Sectional Data}},
journal = {Political Analysis},
year = {2007},
volume = {15},
number = {2},
pages = {165--181},
month = feb
}

@article{Anonymous:YMj8oNeP,
title = {{Green et al (2001) - Dirty Pool}},
year = {2001},
pages = {1--28},
month = apr
}

@article{Keele:2005cj,
author = {Keele, L},
title = {{Dynamic Models for Dynamic Theories: The Ins and Outs of Lagged Dependent Variables}},
journal = {Political Analysis},
year = {2005},
volume = {14},
number = {2},
pages = {186--205},
month = nov
}

@article{Anonymous:04egv5iJ,
title = {{Kenneth Rationality}},
year = {2007},
pages = {1--16},
month = dec
}

@article{Anonymous:vWr5-FU8,
title = {{StrategicInteractioanndtheStatisticaAlnalysisofInternationCalonflict}},
year = {2007},
pages = {1--20},
month = dec
}

@article{Anonymous:A7GI-R8l,
title = {{Information and the Coase Theorem}},
year = {2007},
pages = {1--18},
month = dec
}

@article{Anonymous:CC8R8qoT,
title = {{Emergence of Legislative Instituations, Gamm {\&} Shepsle 1989}},
year = {2007},
pages = {1--29},
month = dec
}

@article{Johnson:2010bw,
author = {Johnson, James},
title = {{What Rationality Assumption? Or, How `Positive Political Theory' Rests on a Mistake}},
journal = {Political Studies},
year = {2010},
volume = {58},
number = {2},
pages = {282--299},
month = mar
}

@article{Anonymous:Q_1E2qx9,
title = {{Cultural Beliefs and the Organization of Society: A Historical and Theoretical Reflection on Collectivist and Individualist SocietiesAvnerGreif}},
year = {2007},
pages = {1--40},
month = oct
}

@article{Anonymous:UgHQCFao,
title = {{Choice:ItsIncreaseandits Value}},
year = {2007},
pages = {1--15},
month = dec
}

@article{Harvey:2001fy,
author = {Harvey, A L},
title = {{PARTISANSHIP AS A SOCIAL CONVENTION}},
journal = {Rationality and Society},
year = {2001},
volume = {13},
number = {4},
pages = {462--504},
month = nov
}

@article{Anonymous:R-I33Ynd,
title = {{Economic Methodology in a Nutshell, Hausman 1989}},
year = {2007},
pages = {1--14},
month = dec
}

@article{Anonymous:YuvPk7HM,
title = {{Eddie Dekel Recent Developments}},
year = {2012},
pages = {1--20},
month = jul
}

@article{Anonymous:wjmbxaBI,
title = {{Intrnal Consistency of Choice, Sen 1993}},
year = {2007},
pages = {1--28},
month = dec
}

@article{Calvert:1992kj,
author = {Calvert, R},
title = {{Leadership and Its Basis in Problems of Social Coordination}},
journal = {International Political Science Review},
year = {1992},
volume = {13},
number = {1},
pages = {7--24},
month = jan
}

@article{BATES:1998dd,
author = {BATES, R H and de FIGUEIREDO, R J P and WEINGAST, B R},
title = {{The Politics of Interpretation: Rationality, Culture, and Transition}},
journal = {Politics {\&} Society},
year = {1998},
volume = {26},
number = {4},
pages = {603--642},
month = dec
}

@article{Moe:2005wh,
author = {Moe, Terry M},
title = {{Power and Political Institutions}},
journal = {Perspectives on Politics},
year = {2005},
volume = {3},
number = {2},
pages = {1--19},
month = jun
}

@article{North:1990in,
author = {North, D C},
title = {{A Transaction Cost Theory of Politics}},
journal = {Journal of Theoretical Politics},
year = {1990},
volume = {2},
number = {4},
pages = {355--367},
month = oct
}

@article{Anonymous:saNnOvNt,
title = {{Behaviour and the Concept of Preference'}},
year = {2008},
pages = {1--20},
month = mar
}

@article{Anonymous:wIr13Ls9,
title = {{Economic Models, Gibbard {\&} Varian}},
year = {2007},
pages = {1--15},
month = oct
}

@article{Hausman:2011fc,
author = {Hausman, D M},
title = {{Mistakes about Preferences in the Social Sciences}},
journal = {Philosophy of the Social Sciences},
year = {2011},
volume = {41},
number = {1},
pages = {3--25},
month = feb
}

@article{Anonymous:EzOpIbFo,
title = {{ButWhoWillGuard theGuardians?}},
year = {2010},
pages = {1--10},
month = sep
}

@article{Anonymous:Uw_hinhH,
title = {{Ariel Ruberstein Comments on the interpertation of game theory}},
year = {2012},
pages = {1--17},
month = jul
}

@article{Anonymous:6fsWvdVa,
title = {{Milgrom Organization}},
year = {2007},
pages = {1--19},
month = sep
}

@article{Anonymous:6ljwzcgv,
title = {{Mechanism Design how to implement Social Goals}},
year = {2010},
pages = {1--11},
month = sep
}

@article{Anonymous:CA8ft-mY,
title = {{Models of Politics}},
year = {2007},
pages = {1--19},
month = nov
}

@article{Johnson:2002cg,
author = {Johnson, James},
title = {{H OWC ONCEPTUALP ROBLEMSM IGRATE: Rational Choice, Interpretation, and the Hazards of Pluralism}},
journal = {Annual Review of Political Science},
year = {2002},
volume = {5},
number = {1},
pages = {223--248},
month = jun
}

@article{Sugden:2009jd,
author = {Sugden, Robert},
title = {{Credible Worlds, Capacities and Mechanisms}},
journal = {Erkenntnis},
year = {2009},
volume = {70},
number = {1},
pages = {3--27},
month = jan
}

@article{Anonymous:OttSzEvo,
title = {{On thePromiseofGame Theoryin Sociology}},
year = {2010},
pages = {1--6},
month = may
}

@article{Anonymous:oM3UhUMf,
title = {{Bounded Rationality, Ambiguity and the Engineering of Choice, March 1986}},
year = {2007},
pages = {1--23},
month = dec
}

@article{Anonymous:dkUHcCuj,
title = {{Jack Knight and lee epstein On the struggle for Judicial supremacy}},
year = {2007},
pages = {1--35},
month = dec
}

@article{Anonymous:ANWDj64I,
title = {{Competing Epistemological}},
year = {2008},
pages = {1--16},
month = apr
}

@article{Anonymous:YXtrl7QU,
title = {{SocialChoice}},
year = {2012},
pages = {1--13},
month = jul
}

@article{Iversen:2000ch,
author = {Iversen, Torben and Cusack, Thomas R},
title = {{The Causes of Welfare State Expansion: Deindustrialization or Globalization?}},
journal = {World Politics},
year = {2000},
volume = {52},
number = {03},
pages = {313--349},
month = jun
}

@article{Iversen:2007vv,
author = {Iversen, T},
title = {{Economic shocks and varieties of government responses}},
journal = {Beyond Varieties of Capitalism-Conflict},
year = {2007}
}

@article{Anonymous:B6cBZT4w,
title = {{Rational Choice and Social Theory, Hausmann 1995}},
year = {2007},
pages = {1--8},
month = nov
}

@article{Anonymous:0VZOLKn7,
title = {{Rational Choice and Social Theory, Satz {\&} Ferejohn 1994}},
year = {2007},
pages = {1--18},
month = nov
}

@article{Anonymous:xuDH4PU1,
title = {{Roger Myerson Nas Equilibrium}},
year = {2007},
pages = {1--17},
month = dec
}

@article{Anonymous:Ckk1Dl00,
title = {{Rational Choice Theory and the Paradox of not Voting}},
year = {2008},
pages = {1--15},
month = apr
}

@article{Anonymous:UdDU-nd0,
title = {{PerspectivesonMechanismDesign inEconomicTheory1}},
year = {2010},
pages = {1--19},
month = sep
}

@article{Hausman:2000tq,
author = {Hausman, Daniel M},
title = {{Revealed preference, belief, and game theory}},
year = {2000},
pages = {1--17},
month = mar
}

@article{Miller:1994ic,
author = {Miller, G and Hammond, T},
title = {{Why Politics is More Fundamental Than Economics: Incentive-Compatible Mechanisms Are Not Credible}},
journal = {Journal of Theoretical Politics},
year = {1994},
volume = {6},
number = {1},
pages = {5--26},
month = jan
}

@article{RichardDMcKelvey:2008ub,
author = {Richard D McKelvey, Talbot Page},
title = {{title}},
year = {2008},
pages = {1--13},
month = nov
}

@article{BATES:1998dda,
author = {BATES, R H and de FIGUEIREDO, R J P and WEINGAST, B R},
title = {{The Politics of Interpretation: Rationality, Culture, and Transition}},
journal = {Politics {\&} Society},
year = {1998},
volume = {26},
number = {4},
pages = {603--642},
month = dec
}

@article{Cox:1999jo,
author = {Cox, G W},
title = {{The Empirical Content of Rational Choice Theory: A Reply to Green and Shapiro}},
journal = {Journal of Theoretical Politics},
year = {1999},
volume = {11},
number = {2},
pages = {147--169},
month = apr
}

@article{Anonymous:ud4MQvgm,
title = {{PARENTAL SOCIALIZATION AND RATIONAL PARTY IDENTIFICATION}},
year = {2002},
pages = {1--20},
month = nov
}

@article{Anonymous:QZAZhFny,
title = {{Marburyv. Madison*}},
year = {2010},
pages = {1--19},
month = may
}

@article{Anonymous:PTEz9PbC,
title = {{Competing Epistemological}},
year = {2008},
pages = {1--16},
month = apr
}

@article{Anonymous:6lxgRSgI,
title = {{The UncoveredSet and the Core*}},
year = {2008},
pages = {1--16},
month = apr
}

@article{Shepsle:1989im,
author = {Shepsle, K A},
title = {{Studying Institutions: Some Lessons from the Rational Choice Approach}},
journal = {Journal of Theoretical Politics},
year = {1989},
volume = {1},
number = {2},
pages = {131--147},
month = apr
}

@article{Anonymous:6jYcmd2Q,
title = {{WhlyRespecCtulture?}},
year = {2010},
pages = {1--15},
month = may
}

@article{Anonymous:dEBv44Kh,
title = {{BOOK REVIEW}},
year = {2008},
pages = {1--10},
month = apr
}

@article{JimGranato:2004wo,
author = {Jim Granato, Frank Scioli},
title = {{Puzzles, Proverbs, and Omega Matrices: The Scientific and Social  Significance of Empirical Implications of Theoretical Models  (EITM)}},
year = {2004},
pages = {1--11},
month = may
}

@article{Miller:1989go,
author = {Miller, N R and Grofman, B and Feld, S L},
title = {{The Geometry of Majority Rule}},
journal = {Journal of Theoretical Politics},
year = {1989},
volume = {1},
number = {4},
pages = {379--406},
month = oct
}

@article{Anonymous:Jv3VJ39I,
title = {{Introduction to Applicable Game Theory}},
year = {2007},
pages = {1--28},
month = apr
}

@article{Anonymous:4dJ1tmzc,
title = {{Rational Choice, Empirical Research, and the Sociological Tradition}},
year = {2005},
pages = {1--20},
month = may
}

@article{Myerson:2011vb,
author = {Myerson, Roger},
title = {{Microsoft Word - vita.doc}},
year = {2011},
pages = {1--7},
month = jun
}

@article{Miller:2005ei,
author = {Miller, Gary J},
title = {{THE POLITICAL EVOLUTION OF PRINCIPAL-AGENT MODELS}},
journal = {Annual Review of Political Science},
year = {2005},
volume = {8},
number = {1},
pages = {203--225},
month = jun
}

@incollection{Iversen:2001vr,
author = {Iversen, T},
title = {{The Dynamics of Welfare State Expansion: Trade Openness, Deindustrialization, and Partisan Politics}},
booktitle = {The New Politics of the Welfare State},
year = {2001},
editor = {Pierson, Paul},
publisher = {Oxford University Press},
address = {Oxford}
}

@article{Anonymous:N5JL5NOt,
title = {{ICPSR2012mathforSS3Day3}},
year = {2012},
pages = {1--2},
month = jun
}

@article{Anonymous:5YNjT6jj,
title = {{BasicIntegrationFormulas}},
year = {2012},
pages = {1--1},
month = jun
}

@article{DAEckford:2012vt,
author = {{DAEckford}},
title = {{ICPSR2012mathforSS3Day2}},
year = {2012},
pages = {1--8},
month = jun
}

@article{DAEckford:2012tt,
author = {{DAEckford}},
title = {{ICPSR2012mathforSS3FirstDay}},
year = {2012},
pages = {1--13},
month = jun
}

@article{Anonymous:Ci9AImgx,
author = {King, Gary and Tomz, Michael and Wittenberg, Jason},
title = {{Making the Most of Statistical Analyses: Improving Interpretation and Presentation}},
journal = {American Journal of Political Science},
year = {2000},
volume = {44},
pages = {341--355},
month = apr
}

@article{Anonymous:UgOwEtU7,
title = {{ExplainingRare Events in InternationalRelations}},
year = {2008},
pages = {1--24},
month = jan
}

@article{Anonymous:2FjD1ov9,
title = {{Dynamic Models for Dynamic Theories: The Ins and Outs of Lagged Dependent Variables}},
year = {2005},
pages = {1--38},
month = jun
}

@article{Anonymous:4MTWQXrf,
title = {{achen2000Lagged Dependent Variables}},
year = {2000},
pages = {1--42},
month = jul
}

@article{Anonymous:ATSk8xkV,
title = {{Box-Steffensmeier {\&} Lin (1995) - Dynamic Model of Campaign Spending}},
year = {2005},
pages = {1--30},
month = jun
}

@article{Anonymous:QQK2uE63,
title = {{Engle {\&} Granger (1987) - Cointegration and Error Correction}},
year = {2007},
pages = {1--27},
month = dec
}

@article{Anonymous:2EUH6ZAK,
title = {{McGinnis {\&} Williams (1989) - Superpower Rivalry}},
year = {2007},
pages = {1--25},
month = dec
}

@article{Anonymous:P0aTtWmI,
title = {{Freeman et al (1998) - Long-Memoried Processes}},
year = {2007},
pages = {1--40},
month = nov
}

@article{Anonymous:_d2dm73y,
title = {{Freeman et al (1989) - Vector Autoregression {\&} Study of Politics}},
year = {2008},
pages = {1--37},
month = may
}

@article{Anonymous:3s1xfN6B,
title = {{Box {\&} Tiao (1975) - Intervention Analysis}},
year = {2007},
pages = {1--11},
month = nov
}

@article{Anonymous:bF_mxYD-,
title = {{Exchange Rate Volatility and Democratization in Emerging MarketCountries}},
year = {2008},
pages = {1--27},
month = jan
}

@article{Brandt:2008isa,
author = {Brandt, P T and Colaresi, M and Freeman, J R},
title = {{The Dynamics of Reciprocity, Accountability, and Credibility}},
journal = {Journal of Conflict Resolution},
year = {2008},
volume = {52},
number = {3},
pages = {343--374},
month = mar
}

@article{Anonymous:lrCNTdyZ,
title = {{Econometrics}},
year = {2003},
pages = {1--13},
month = feb
}

@article{Leblang:2004hd,
author = {Leblang, D},
title = {{Presidential Elections and the Stock Market: Comparing Markov-Switching and Fractionally Integrated GARCH Models of Volatility}},
journal = {Political Analysis},
year = {2004},
volume = {12},
number = {3},
pages = {296--322},
month = aug
}

@article{Anonymous:3Q1YCwFv,
title = {{Wood (1988) - Principals, Bureaucrats {\&} Responsiveness}},
year = {2008},
pages = {1--23},
month = may
}

@article{Anonymous:wViLLMvq,
title = {{Beck et al (1998) - Taking Time Seriously}},
year = {2007},
pages = {1--30},
month = nov
}

@article{Mitchell:1999bw,
author = {Mitchell, S M and Gates, S and Hegre, H},
title = {{Evolution in Democracy-War Dynamics}},
journal = {Journal of Conflict Resolution},
year = {1999},
volume = {43},
number = {6},
pages = {771--792},
month = dec
}

@article{RRavines:2006bj,
author = {R Ravines, Romy and M Schmidt, Alexandra and S Migon, Helio},
title = {{Revisiting distributed lag models through a Bayesian perspective}},
journal = {Applied Stochastic Models in Business and Industry},
year = {2006},
volume = {22},
number = {2},
pages = {193--210}
}

@article{Anonymous:wsTQW0k_,
title = {{The New Econometrics of Structural Change: Dating Breaks in U.S. LaborProductivity}},
year = {2007},
pages = {1--13},
month = dec
}

@article{Anonymous:NE7m_UEi,
title = {{Williams (1992) - What Goes Around Comes Around}},
year = {2005},
pages = {1--7},
month = jun
}

@article{Anonymous:lGSCV5jI,
title = {{Presidential Popularity:An Almon Distributed LagModel}},
year = {2011},
pages = {1--28},
month = jul
}

@article{Anonymous:KhUJT5bB,
title = {{Testing for a unit root in time series regression}},
year = {2005},
pages = {1--12},
month = may
}

@article{Anonymous:PCayhDH1,
title = {{WHATODO(ANDNOTTODO)WITHTIME-SERIES CROSS-SECTIDOANTA}},
year = {2008},
pages = {1--15},
month = may
}

@article{Anonymous:9N-5d7re,
title = {{Fractional integration methods in political science}},
year = {1999},
pages = {1--14},
month = oct
}

@article{Anonymous:TdRz5jHS,
title = {{History, heterogeneity, and presidential approval: a modified ARCH approach}},
year = {2002},
pages = {1--28},
month = may
}

@article{Anonymous:EvQDlXSq,
title = {{InternationaTlrade,PoliticalConflict! Cooperation,and Granger}},
year = {2010},
pages = {1--29},
month = may
}

@article{Anonymous:cKgCqSgU,
title = {{The Political Economyof CorporateTaxation*}},
year = {2010},
pages = {1--38},
month = jun
}

@article{Anonymous:penj8mOe,
title = {{Fording (1997) - Conditional Effect of Violence}},
year = {2012},
pages = {1--30},
month = jul
}

@article{ppg:2008vya,
author = {{ppg}},
title = {{Taking Time Seriously}},
year = {2008},
pages = {1--17},
month = jan
}

@article{Anonymous:ErKJHkIM,
title = {{WORKSHOPTime-VaryingParameterRegressionModels*}},
year = {2010},
pages = {1--45},
month = may
}

@article{Anonymous:kQtXIl0F,
title = {{Vector Autoregressions}},
year = {2007},
pages = {1--16},
month = dec
}

@article{Anonymous:BY5HAENR,
title = {{THEPOLITICALMANIPULATION OF MACROECONOMIPCOLICY}},
year = {2008},
pages = {1--30},
month = apr
}

@article{Anonymous:ZuSgf9HY,
title = {{Voters,InformationHeterogeneity, and theDynamicsofAggregate}},
year = {2008},
pages = {1--32},
month = apr
}

@article{Anonymous:BqBdN13B,
title = {{COMPARATIDVEMOCRACTYH:EECONOMDICEVELOPMETNHTESIS}},
year = {2007},
pages = {1--9},
month = dec
}

@article{Anonymous:jdBYthZn,
title = {{ADynamiCcomparatiAvenalysis ofPresidentaianld HouseElection}},
year = {2010},
pages = {1--22},
month = may
}

@article{Ambika:2009wk,
author = {Wood, Dan B},
title = {{Presidential Saber Rattling and the Economy}},
journal = {American Journal of Political Science},
year = {2009},
volume = {53},
number = {3},
pages = {695--709},
month = jul
}

@article{Anonymous:Y8pu4gIF,
title = {{Modeling volatility in political time series}},
year = {1999},
pages = {1--16},
month = oct
}

@article{Anonymous:8zXGs9yP,
title = {{Geweke (1984) - Inference {\&} Causality in Econ Time Series Models}},
year = {2012},
pages = {1--44},
month = jul
}

@article{Anonymous:nxuIl3jc,
title = {{intheSupremeCourt*}},
year = {2010},
pages = {1--30},
month = may
}

@article{Hoole:1989hi,
author = {Hoole, F W and Huang, C},
title = {{The Global Conflict Process}},
journal = {Journal of Conflict Resolution},
year = {1989},
volume = {33},
number = {1},
pages = {142--163},
month = mar
}

@article{Anonymous:QzL8lm0b,
title = {{wawro panel probit}},
year = {1999},
pages = {1--28},
month = sep
}

@article{Anonymous:LZkyRwyE,
title = {{The Dynamics of Political-Bureaucratic Adaptation*}},
year = {2010},
pages = {1--33},
month = may
}

@article{Anonymous:ReZ4dsrg,
title = {{RetaliatingagainstTerrorismR:ational Expectationsand theOptimalityofRules versus Discretion*}},
year = {2010},
pages = {1--16},
month = may
}

@article{Anonymous:FgAc7NVD,
title = {{Freeman (1983) - Granger Causality}},
year = {2007},
pages = {1--33},
month = nov
}

@article{Anonymous:a0TeXGFo,
title = {{Throwing Out the Baby with the Bath Water: A Comment on Green, Kim, and Yoon}},
year = {2003},
pages = {1--9},
month = mar
}

@article{Anonymous:6OcZYDeb,
title = {{MACROPARTISANSHIP}},
year = {2007},
pages = {1--19},
month = dec
}

@article{Anonymous:-JAFcsHY,
title = {{PANEL DATA UNIT ROOTS AND COINTEGRATION: AN OVERVIEW}},
year = {1999},
pages = {1--23},
month = nov
}

@article{Anonymous:WJwvc-OC,
title = {{ON THESTRUCTURE AND SEQUENCE OF ISSUE EVOLUTION}},
year = {2008},
pages = {1--21},
month = may
}

@article{Anonymous:XMyQDBBK,
author = {Rasler, Karen},
title = {{War, Accomodation, and Violence in The United States, 1890-1970}},
journal = {The American political science review},
year = {1986},
volume = {80},
number = {3},
pages = {921--945}
}

@article{Anonymous:pGlvwHei,
title = {{Durbin {\&} Watson (1951) - Testing for Serial Correlation II}},
year = {2008},
pages = {1--20},
month = apr
}

@article{DavidADockey:2003wz,
author = {David A Dockey, Dennis W Jansen Daniel L Thornton},
title = {{A Primer On Cointegration with an Application to Money and Income}},
year = {2003},
pages = {1--21},
month = jun
}

@article{Anonymous:HnXvARZw,
title = {{Unit Roots and Cointegration in Panels}},
year = {2008},
pages = {1--44},
month = apr
}

@article{Anonymous:r2Xu13BW,
title = {{Smith (1992) - Error Correction}},
year = {2005},
pages = {1--6},
month = jun
}

@article{Anonymous:-vXh4TcO,
title = {{Bruce E. Hansen,}},
year = {2002},
pages = {1--17},
month = feb
}

@article{ind:2008vh,
author = {{ind}},
title = {{Dynamic Conditional Correlations in Political Science}},
year = {2008},
pages = {1--17},
month = jul
}

@article{Anonymous:PdpuyCr4,
title = {{WeakTheorieasndParameteInrstability: UsingFlexiblLeeastSquarestoTakeTime VaryinRgelationshiSpesriously}},
year = {2010},
pages = {1--17},
month = may
}

@article{Anonymous:wQCcT4CS,
title = {{PresidentiEalectionisnSpaceandTime*}},
year = {2010},
pages = {1--20},
month = may
}

@article{Anonymous:SAauCuYg,
title = {{War Making and State Making: GovernmentalExpenditures,Tax Revenues, and Global Wars}},
year = {2007},
pages = {1--18},
month = dec
}

@article{Anonymous:Mom2JZET,
title = {{Estimating Dynamic Panel Data Models in Political Science}},
year = {2002},
pages = {1--24},
month = feb
}

@article{Anonymous:BGKTOxJ-,
title = {{WhatMovesMacropartisanship?A Responseto GreenP, almquisat,ndSchickler}},
year = {2007},
pages = {1--13},
month = dec
}

@article{Shor:2007gaa,
author = {Shor, B and Bafumi, J and Keele, L and Park, D},
title = {{A Bayesian Multilevel Modeling Approach to Time-Series Cross-Sectional Data}},
journal = {Political Analysis},
year = {2007},
volume = {15},
number = {2},
pages = {165--181},
month = feb
}

@article{Anonymous:FCyxIcvj,
title = {{Jarque {\&} Bera (1980) - Efficient Tests for Normality}},
year = {2001},
pages = {1--5},
month = nov
}

@article{Hansford:2011iy,
author = {Hansford, T},
title = {{The Dynamics of Interest Representation at the U.S. Supreme Court}},
journal = {Political Research Quarterly},
year = {2011},
volume = {64},
number = {4},
pages = {749--764},
month = dec
}

@article{Anonymous:I3GAdzuy,
title = {{CanGovernmenRtegulatSeafetyT?heCoalMineExample}},
year = {2010},
pages = {1--13},
month = may
}

@article{Brandt:2009eva,
author = {Brandt, P T and Freeman, J R},
title = {{Modeling Macro-Political Dynamics}},
journal = {Political Analysis},
year = {2009},
volume = {17},
number = {2},
pages = {113--142},
month = apr
}

@article{Anonymous:VHoWBmyo,
title = {{MacropartisanshAipR:eplicatioanndCritique}},
year = {2008},
pages = {1--18},
month = may
}

@article{Anonymous:zqwyqbrQ,
title = {{Williams (1992) - Dynamic Change}},
year = {2005},
pages = {1--29},
month = jun
}

@article{Lebo:2003fp,
author = {Lebo, M J and Moore, W H},
title = {{Dynamic Foreign Policy Behavior}},
journal = {Journal of Conflict Resolution},
year = {2003},
volume = {47},
number = {1},
pages = {13--32},
month = feb
}

@article{Anonymous:R7HWBsSs,
title = {{Sims {\&} Zha (1998) - Bayesian Methods for Dynamic Multivariate Models}},
year = {2008},
pages = {1--21},
month = jan
}

@article{Anonymous:vV7bP3la,
title = {{DOES TRADE STILLFOLLOWTHEFLAG?}},
year = {2008},
pages = {1--17},
month = may
}

@article{Western:2004dj,
author = {Western, B},
title = {{A Bayesian Change Point Model for Historical Time Series Analysis}},
journal = {Political Analysis},
year = {2004},
volume = {12},
number = {4},
pages = {354--374},
month = nov
}

@article{Anonymous:7XnJJIxt,
title = {{ECONOMETRICA}},
year = {2007},
pages = {1--23},
month = dec
}

@article{Anonymous:EoQhhQ8f,
title = {{U.S. DEFENSE SPENDING AND THESOVIETESTIMATE}},
year = {2008},
pages = {1--25},
month = may
}

@article{rwisckol:2004wb,
author = {{rwisckol}},
title = {{Microsoft Word - Document1}},
year = {2004},
pages = {1--18},
month = dec
}

@article{Anonymous:UFoOBLwJ,
title = {{APanelProbiAtnalysoisfCampaign ContributioansdRoll-CaVllotes}},
year = {2010},
pages = {1--18},
month = may
}

@article{Anonymous:qxoCPqT7,
author = {Beck, Nathaniel},
title = {{Time-Series Cross-Section Data: What Have We Learned in the Past Few Years?}},
journal = {Annual Review of Political Science},
year = {2001},
number = {4},
pages = {271--293}
}

@article{Anonymous:feiQRnGk,
title = {{Congressional}},
year = {2007},
pages = {1--22},
month = dec
}

@article{Anonymous:hQkU5r9k,
title = {{Mitchell {\&} Moore (2002) - Pres Uses of Force}},
year = {2006},
pages = {1--16},
month = feb
}

@article{rwisckol:2004wba,
author = {{rwisckol}},
title = {{Microsoft Word - Document1}},
year = {2004},
pages = {1--18},
month = dec
}

@article{Anonymous:3ckHqlEC,
title = {{Beck {\&} Katz (1996) - Nuisance vs. Substance}},
year = {2004},
pages = {1--36},
month = jul
}

@article{Anonymous:u6_2pLtD,
title = {{Prospections,Retrospections,and Rationality: The "Bankers" Model ofPresidentialApprovalReconsidered*}},
year = {2010},
pages = {1--21},
month = may
}

@article{Zeitzoff:2011cv,
author = {Zeitzoff, T},
title = {{Using Social Media to Measure Conflict Dynamics: An Application to the 2008-2009 Gaza Conflict}},
journal = {Journal of Conflict Resolution},
year = {2011},
volume = {55},
number = {6},
pages = {938--969},
month = dec
}

@article{Anonymous:EcobGTF-,
title = {{Econometric}},
year = {2008},
pages = {1--39},
month = apr
}

@article{Westerlund:2007ky,
author = {Westerlund, Joakim},
title = {{Testing for Error Correction in Panel Data}},
journal = {Oxford Bulletin of Economics and Statistics},
year = {2007},
volume = {69},
number = {6},
pages = {709--748},
month = dec
}

@article{pinnacle:2001vk,
author = {{pinnacle}},
title = {{WV005-Deboef.Tex}},
year = {2001},
pages = {1--17},
month = jun
}

@article{Anonymous:a1OB_w18,
title = {{TheLongCycleinInternationaRlelations: A MarkovSpecification}},
year = {2010},
pages = {1--24},
month = may
}

@article{Anonymous:BRiVZrkI,
title = {{NOTICE CONCERNING COPYRIGHT RESTRICTIONS}},
year = {2009},
pages = {1--25},
month = jul
}

@article{HABER:2011hx,
author = {HABER, STEPHEN and MENALDO, VICTOR},
title = {{Do Natural Resources Fuel Authoritarianism? A Reappraisal of the Resource Curse}},
journal = {American Political Science Review},
year = {2011},
volume = {105},
number = {01},
pages = {1--26},
month = jan
}

@article{Anonymous:yXUrud76,
title = {{Zorn (2001) - Generalized Estimating Equation Models}},
year = {2008},
pages = {1--22},
month = jan
}

@article{Anonymous:y5kc2HkT,
title = {{RegulatorPyerformancaend Presidential}},
year = {2010},
pages = {1--29},
month = may
}

@article{Anonymous:wjRzFysW,
title = {{Near-integrateDdata andtheAnalysisof Political}},
year = {2010},
pages = {1--23},
month = may
}

@article{Anonymous:LxtgiIUt,
title = {{Chow (1960) - Tests of Equality}},
year = {2007},
pages = {1--16},
month = dec
}

@article{Jensen:2005ir,
author = {Jensen, N M},
title = {{Market Responses to Politics: The Rise of Lula and the Decline of the Brazilian Stock Market}},
journal = {Comparative Political Studies},
year = {2005},
volume = {38},
number = {10},
pages = {1245--1270},
month = dec
}

@article{Anonymous:a_46L3OA,
title = {{Forecasting}},
year = {2007},
pages = {1--15},
month = dec
}

@article{Anonymous:TGMaSlAs,
title = {{Beck (1991) - Comparing Dynamic Specifications}},
year = {2012},
pages = {1--19},
month = jul
}

@article{Anonymous:fGNQd0BB,
title = {{You must remember this: dealing with long memory in political analyses}},
year = {1999},
pages = {1--18},
month = oct
}

@article{Anonymous:Ytxq8yEN,
title = {{Hendry {\&} Richard (1982) - Formation of Empirical Models}},
year = {2002},
pages = {1--31},
month = jan
}

@article{Anonymous:kKmFVvvp,
title = {{Estimating Dynamic Panel Data Models in Political Science}},
year = {2002},
pages = {1--24},
month = feb
}

@article{Anonymous:HNa-QMT5,
title = {{Thurman {\&} Fisher (1988) - Chicken, Eggs {\&} Causality}},
year = {2007},
pages = {1--3},
month = dec
}

@article{Anonymous:Yo4t1GG4,
title = {{Political Parties and Macroeconomic Policy*}},
year = {2007},
pages = {1--22},
month = dec
}

@article{Anonymous:qQWe1udn,
title = {{GARCH 101: The Use of ARCH/GARCH Models in Applied Econometrics}},
year = {2007},
pages = {1--13},
month = dec
}

@article{Anonymous:jp_OrXrV,
title = {{NOTICE CONCERNING COPYRIGHT RESTRICTIONS}},
year = {2009},
pages = {1--51},
month = jul
}

@article{Anonymous:zA2b4iML,
title = {{Green et al (2001) - Dirty Pool}},
year = {2001},
pages = {1--28},
month = apr
}

@article{Anonymous:v_YcDrIk,
title = {{Durbin {\&} Watson (1950) - Testing for Serial Correlation I}},
year = {2010},
pages = {1--21},
month = may
}

@article{Anonymous:kAraUaYb,
title = {{Engle (1982) - Autoregressive Conditional Heteroscedasticity}},
year = {2007},
pages = {1--22},
month = dec
}

@article{Anonymous:QnZawe91,
title = {{Stimson.RegressionTimeAndSpace.AJPS1985}},
year = {2008},
pages = {1--35},
month = may
}

@article{Anonymous:ZL9cIc_x,
title = {{Phillips (1987) - Time Series Regression with Unit Root}},
year = {2007},
pages = {1--26},
month = dec
}

@article{Anonymous:1Kpxz0j4,
title = {{FINANCIAL INNOVATION AND THE DEMAND FOR {\&}pound;M3 IN THE UK 1975{\&}ndash;86}},
year = {2009},
pages = {1--24},
month = mar
}

@article{Beck:2011bo,
author = {Beck, Nathaniel and Katz, Jonathan N},
title = {{Modeling Dynamics in Time-Series--Cross-Section Political Economy Data}},
journal = {Annual Review of Political Science},
year = {2011},
volume = {14},
number = {1},
pages = {331--352},
month = jun
}

@article{Keele:2005cja,
author = {Keele, L},
title = {{Dynamic Models for Dynamic Theories: The Ins and Outs of Lagged Dependent Variables}},
journal = {Political Analysis},
year = {2005},
volume = {14},
number = {2},
pages = {186--205},
month = nov
}

@article{Anonymous:TZPF5_ju,
title = {{PoliticalControlandPolicyImpact inEPA's OfficeofWaterQuality*}},
year = {2010},
pages = {1--29},
month = may
}

@article{Anonymous:GBBppX9K,
title = {{Box-Steffensmeier {\&} Smith (1998) - Political Dynamics with Fractional Integration Methods}},
year = {2007},
pages = {1--30},
month = nov
}

@article{Anonymous:AI0hQrM1,
title = {{Beck (1992) - Methodology of Cointegration}},
year = {2005},
pages = {1--11},
month = jun
}

@article{Brandt:2005ewa,
author = {Brandt, P T},
title = {{Advances in Bayesian Time Series Modeling and the Study of Politics: Theory Testing, Forecasting, and Policy Analysis}},
journal = {Political Analysis},
year = {2005},
volume = {14},
number = {1},
pages = {1--36},
month = may
}

@article{Anonymous:4C9cw_sh,
title = {{A Linear Poisson Autoregressive Model: The Poisson AR(}},
year = {2001},
pages = {1--21},
month = mar
}

@book{Anonymous:z_xJhUmD,
author = {Hsiao, Cheng},
title = {{Analysis of Panel Data}},
publisher = {University of Cambridge},
year = {2003}
}

@article{Zorn:2001gta,
author = {Zorn, Christopher},
title = {{Estimating between‐ and within‐cluster covariate effects, with an application to models of international disputes}},
journal = {International Interactions},
year = {2001},
volume = {27},
number = {4},
pages = {433--445},
month = sep
}

@article{JANETMBOXSTEFFENSMEIER:2004tj,
author = {JANET M BOX-STEFFENSMEIER, SUZANNA DE BOEF TSE-MIN LIN},
title = {{The Dynamics of the Partisan Gender Gap}},
year = {2004},
pages = {1--14},
month = aug
}

@article{Anonymous:Owhpz6CA,
title = {{ON ANALYZING THE EFFECTS OF POLICY INTERVENTIONS:BOX-JENKINS AND BOX-TIAO VS. STRUCTURAL EQUATION MODELS*}},
year = {2008},
pages = {1--47},
month = mar
}

@article{Anonymous:6p6aJk1M,
title = {{Does PoliticsMatter?A Time-SeriesAnalysisof MinorityEmploymentPatterns*}},
year = {2010},
pages = {1--27},
month = may
}

@article{Hood:2008dj,
author = {Hood, M V and Kidd, Q and Morris, I L},
title = {{Two Sides of the Same Coin? Employing Granger Causality Tests in a Time Series Cross-Section Framework}},
journal = {Political Analysis},
year = {2008},
volume = {16},
number = {3},
pages = {324--344},
month = feb
}

@article{Carter:2010dh,
author = {Carter, D B and Signorino, C S},
title = {{Back to the Future: Modeling Time Dependence in Binary Data}},
journal = {Political Analysis},
year = {2010},
volume = {18},
number = {3},
pages = {271--292},
month = jul
}

@article{Anonymous:75mR3q-w,
title = {{PRACTITIONERS CORNER: Maximum Likelihood Estimation of Cointegration Vectors: An Example of The Johansen Procedure{\&}Dagger;}},
year = {2009},
pages = {1--6},
month = feb
}

@article{Shellman:2004gl,
author = {Shellman, S M},
title = {{Time Series Intervals and Statistical Inference: The Effects of Temporal Aggregation on Event Data Analysis}},
journal = {Political Analysis},
year = {2004},
volume = {12},
number = {1},
pages = {97--104},
month = feb
}

@article{Anonymous:9vHz_pZ1,
title = {{Brandt et al (2000) - Dynamic Modeling for Persistent Event Count Time Series}},
year = {2008},
pages = {1--22},
month = jan
}

@article{Anonymous:5dBFdV2v,
title = {{Johansen (1988) - Stat Analysis of Cointegration Vectors}},
year = {2001},
pages = {1--24},
month = nov
}

@article{King:2003vs,
author = {King, Gary},
title = {{Proper Nouns and Methodological Propriety: Pooling Dyads in International Relations Data  }},
year = {2003},
pages = {1--11},
month = mar
}

@article{Anonymous:QF_BKOCP,
title = {{Dufour (1982) - Recursive Stability Analysis}},
year = {2001},
pages = {1--46},
month = sep
}

@article{Anonymous:3i07NP7L,
title = {{Beck (1989) - Kalman Filtering}},
year = {2005},
pages = {1--36},
month = jun
}

@article{Anonymous:0p84Id8D,
title = {{Stimson (1985) - Regression in Space and Time}},
year = {2008},
pages = {1--35},
month = may
}

@article{Anonymous:IK0XBxxD,
title = {{DistributionfResidualAutocorrelatioinsAutoregressive- IntegrateMdovingAverageTimeSeriesModels}},
year = {2010},
pages = {1--19},
month = may
}

@article{Anonymous:B1nYAnQu,
title = {{ReciprocitBy,ullyinga,ndInternationCaoloperation:Time-serieAsnalysiosf theBosniaConflict}},
year = {2009},
pages = {1--16},
month = jan
}

@article{Shellman:2004gla,
author = {Shellman, S M},
title = {{Time Series Intervals and Statistical Inference: The Effects of Temporal Aggregation on Event Data Analysis}},
journal = {Political Analysis},
year = {2004},
volume = {12},
number = {1},
pages = {97--104},
month = feb
}

@article{Anonymous:Z0IzfmbG,
title = {{ECONOMETRICA}},
year = {2007},
pages = {1--29},
month = dec
}

@article{Iversen:2006wd,
author = {Iversen, Torben and Soskice, David},
title = {{Electoral Institutions and the Politics of Coalitions: Why Some Democracies Redistribute More Than Others}},
journal = {American Political Science Review},
year = {2006},
volume = {100},
number = {2},
month = may
}

@article{Anonymous:AVM_KI7U,
title = {{The Method of Maximum Likelihood}},
year = {2012},
pages = {1--67},
month = jun
}

@article{Anonymous:sinFQ9Jw,
title = {{Model Fit Inference}},
year = {2012},
pages = {1--44},
month = jun
}

@article{Anonymous:QgSa1PDs,
title = {{Bivariate and Multivariate Probit}},
year = {2004},
pages = {1--11},
month = feb
}

@article{Anonymous:H_z0RfM2,
title = {{Optimization}},
year = {2012},
pages = {1--41},
month = jun
}

@article{Anonymous:qFyukSFN,
title = {{Models for Ordinal Responses, II}},
year = {2012},
pages = {1--49},
month = jul
}

@article{Anonymous:uEkytHJ0,
title = {{Bivariate and Multivariate Probit}},
year = {2004},
pages = {1--11},
month = feb
}

@article{Anonymous:12PRUuxe,
title = {{Models for Binary Responses}},
year = {2012},
pages = {1--47},
month = jun
}

@article{Anonymous:_xcrdlD5,
title = {{Information and Heterogeneity in Economic Voting}},
year = {2011},
pages = {1--47},
month = oct
}

@article{Anonymous:jBpq1Ssq,
title = {{The Method of Maximum Likelihood}},
year = {2012},
pages = {1--28},
month = jun
}

@article{Anonymous:9lLwMTkM,
title = {{IntroductoryStatsR}},
year = {2010},
pages = {1--101},
month = apr
}

@article{Anonymous:ozwbqnAJ,
title = {{Models for Binary Responses, III}},
year = {2012},
pages = {1--53},
month = jun
}

@article{Anonymous:O_13E3B2,
title = {{Models for Sample Selection}},
year = {2012},
pages = {1--44},
month = jul
}

@article{Anonymous:wh2Y2c45,
title = {{Models for Ordinal Dependent Variables}},
year = {2012},
pages = {1--73},
month = jun
}

@misc{LecturePoissonD:kshFoSWi,
title = {{Lecture 3, Poisson Distribution Example (Worked MLE)}},
author = {Franklin, Charles H},
month = jul,
year = {2012}
}

@article{Anonymous:7dMgvxsR,
author = {Lacy, Dean},
title = {{Maximum Likelihood Estimation Syllabus}},
year = {2012},
pages = {1--5},
month = jun
}

@article{Anonymous:kn_JiuKJ,
title = {{X, Y, Z, W = variables/matrices I = identity matrixV = variance-covariance matrix H = ``Hessian'' matrixF, G = functionsK = number of covariatesN = number of observationsT = number of time points / repeated obs.}},
year = {2012},
pages = {1--42},
month = jun
}

@article{Anonymous:YpIah1Os,
title = {{Models for Nominal Responses, II}},
year = {2012},
pages = {1--76},
month = jul
}

@article{Anonymous:CUyMIoYs,
title = {{Binary Response Models, Applications}},
year = {2012},
pages = {1--73},
month = jun
}

@article{Anonymous:6iht5eyD,
title = {{Models for Nominal Responses, I}},
year = {2012},
pages = {1--36},
month = jul
}

@article{Anonymous:aBsJnv9y,
title = {{Stats Review and Introduction to Bayesian and Maximum Likelihood Methods}},
year = {2012},
pages = {1--24},
month = jun
}

@article{PrasadTECHBOOKS:2008ux,
author = {PrasadTECHBOOKS, Ambika p},
title = {{A Model of Spoils Politics}},
year = {2008},
pages = {1--16},
month = dec
}

@article{Anonymous:7pccpz3h,
author = {Fearon, James D},
title = {{Domestic Political Audiences and the Escalation of International Disputes}},
journal = {The American political science review},
year = {1994},
volume = {88},
pages = {1--17},
month = sep
}

@article{Anonymous:ueDMu6M7,
title = {{A Theory of Political Transitions}},
year = {2007},
pages = {1--27},
month = sep
}

@article{Anonymous:M1w06s9H,
title = {{Powell (1996) - Bargaining in the Shadow of Power}},
year = {1996},
pages = {1--35},
month = oct
}

@article{Anonymous:_LB6--mx,
title = {{Modelingtheforms ofinternationaclooperation: distributionversusinformation}},
year = {2010},
pages = {1--38},
month = may
}

@article{Anonymous:rl4p-pgr,
title = {{DomestiOcppositioandSignalinignInternationCarlises}},
year = {2007},
pages = {1--17},
month = dec
}

@article{ERNESTODALBOacute:2006vu,
author = {ERNESTO DAL B Oacute, PEDRO DAL B Oacute RAFAEL DI TELLA},
title = {{{\&}{\#}8220;Plata o Plomo?{\&}{\#}8221;: Bribe and Punishment in a Theory of Political Influence}},
year = {2006},
pages = {1--13},
month = feb
}

@article{MYERSON:2008kf,
author = {MYERSON, ROGER B},
title = {{The Autocrat's Credibility Problem and Foundations of the Constitutional State}},
journal = {American Political Science Review},
year = {2008},
volume = {102},
number = {01},
month = feb
}

@article{Fearon:2004bx,
author = {Fearon, James D},
title = {{Why Do Some Civil Wars Last So Much Longer than Others?}},
journal = {International Regional Science Review},
year = {2004},
volume = {41},
number = {3},
pages = {275--301},
month = may
}

@article{Anonymous:HV4A6-RP,
title = {{ExplaininIngterethnCicooperation}},
year = {2007},
pages = {1--22},
month = dec
}

@article{Anonymous:HWgEd7kE,
title = {{PescosolidoEgocentricNetworkRosterForm}},
year = {2005},
pages = {1--2},
month = nov
}

@article{Breiger:2005id,
author = {Breiger, Ronald L},
title = {{Introduction to special issue: ethical dilemmas in social network research}},
journal = {Social Networks},
year = {2005},
volume = {27},
number = {2},
pages = {89--93},
month = may
}

@article{Anonymous:O9bT369-,
title = {{1993IbarraSocialInfluenceSenseMaking}},
year = {2008},
pages = {1--28},
month = may
}

@article{Borgatti:2005je,
author = {Borgatti, Stephen P},
title = {{Centrality and network flow}},
journal = {Social Networks},
year = {2005},
volume = {27},
number = {1},
pages = {55--71},
month = jan
}

@article{Latapy:2008ex,
author = {Latapy, Matthieu and Magnien, Cl{\'e}mence and Vecchio, Nathalie Del},
title = {{Basic notions for the analysis of large two-mode networks}},
journal = {Social Networks},
year = {2008},
volume = {30},
number = {1},
pages = {31--48},
month = jan
}

@article{Lee:2010gm,
author = {Lee, Seung Hwan Mark and Cotte, June and Noseworthy, Theodore J},
title = {{The role of network centrality in the flow of consumer influence}},
journal = {Journal of Consumer Psychology},
year = {2010},
volume = {20},
number = {1},
pages = {66--77},
month = jan
}

@article{Anonymous:48EW9f8L,
title = {{Centrality in valued graphs: A measure of betweenness based on network flow}},
year = {2002},
pages = {1--14},
month = mar
}

@article{Anonymous:TEYLqryn,
title = {{Network analysis of 2-mode data}},
year = {2003},
pages = {1--27},
month = feb
}

@article{Anonymous:qijOOFpE,
title = {{Centrality in Social Networks Conceptual Clarification}},
year = {2002},
pages = {1--25},
month = mar
}

@article{Anonymous:iJOSQlaX,
title = {{Getting Started with UCINET (This class uses Version 6.392.)}},
year = {2012},
pages = {1--51},
month = jun
}

@article{Anonymous:pB2RQPB-,
title = {{Finding Social Groups: A Meta-Analysis of the Southern Women Data}},
year = {2012},
pages = {1--60},
month = jun
}

@article{SBORGATTI:2007ty,
author = {{SBORGATTI}},
title = {{Microsoft Word - Two Mode Concepts 4 Dec 2007.doc}},
year = {2007},
pages = {1--21},
month = dec
}

@article{Anonymous:_c3e9YSy,
title = {{Power and Centrality: A Family of Measures'}},
year = {2010},
pages = {1--14},
month = may
}

@article{Kadushin:2005do,
author = {Kadushin, Charles},
title = {{Who benefits from network analysis: ethics of social network research}},
journal = {Social Networks},
year = {2005},
volume = {27},
number = {2},
pages = {139--153},
month = may
}

@article{Anonymous:J0k9eO91,
title = {{Day 2: Graphs and Matrices}},
year = {2012},
pages = {1--26},
month = jun
}

@article{Borgatti:2005bq,
author = {Borgatti, Stephen P and Molina, Jos{\'e}-Luis},
title = {{Toward ethical guidelines for network research in organizations}},
journal = {Social Networks},
year = {2005},
volume = {27},
number = {2},
pages = {107--117},
month = may
}

@misc{ICPSRLabsDataSu:SRdpx8Jh,
title = {{ICPSR_Labs1_8Data_Summer2012}},
month = jun,
year = {2012}
}

@article{Hoser:2010dv,
author = {Hoser, Bettina and Nitschke, Tanja},
title = {{Questions on ethics for research in the virtually connected world}},
journal = {Social Networks},
year = {2010},
volume = {32},
number = {3},
pages = {180--186},
month = jul
}

@article{Anonymous:KbhHFv50,
title = {{Day 1: Network Analysis}},
year = {2012},
pages = {1--56},
month = jun
}

@article{Anonymous:e6_1GB1g,
title = {{Lewis-Beck {\&} Skalaban (1990) - The R-Squared}},
year = {2005},
pages = {1--19},
month = jun
}

@article{Anonymous:aXm-ROez,
title = {{Goertzel (2004) - Capital Punishment and Homicide}},
year = {2009},
pages = {1--5},
month = jun
}

@article{Anonymous:MpNpKMot,
title = {{Mock {\&} Weisberg (1992) - Political Innumeracy}},
year = {2008},
pages = {1--25},
month = may
}

@article{Anonymous:W9zinMx4,
title = {{Interaction terms in logit and probit models}},
year = {2003},
pages = {1--7},
month = may
}

@article{Anonymous:UKeb-Gh6,
title = {{NOTICE CONCERNING COPYRIGHT RESTRICTIONS}},
year = {2009},
pages = {1--16},
month = jun
}

@article{Anonymous:q3ZlMNAB,
title = {{The Significant Association Between Punitive and Compensatory Damages in Blockbuster Cases: A Methodological Primer}},
year = {2006},
pages = {1--21},
month = feb
}

@article{Anonymous:cwcjIePR,
title = {{Achen (1990a) - What Does Explained Variance Explain (Journal Article)}},
year = {2005},
pages = {1--12},
month = jun
}

@article{Achen:2002gv,
author = {Achen, Christopher H},
title = {{T OWARD AN EWP OLITICALM ETHODOLOGY: Microfoundations and ART}},
journal = {Annual Review of Political Science},
year = {2002},
volume = {5},
number = {1},
pages = {423--450},
month = jun
}

@article{Anonymous:M4SjqCej,
title = {{Friedrich (1982) - In Defense of Multiplicative Terms in Multiple Regression Equations}},
year = {2008},
pages = {1--38},
month = may
}

@article{Braumoeller:2004kb,
author = {Braumoeller, Bear F},
title = {{Hypothesis Testing and Multiplicative Interaction Terms}},
journal = {International Organization},
year = {2004},
volume = {58},
number = {04},
month = oct
}

@article{Anonymous:NBDNsDmr,
title = {{Political Attitudes duringan Election Year: A Report on the 1980 NES Panel Study}},
year = {2008},
pages = {1--24},
month = may
}

@article{Anonymous:wnoDahPK,
title = {{King (1990) - Stochastic Variation}},
year = {2005},
pages = {1--16},
month = jun
}

@article{Anonymous:GIseUyXx,
title = {{Chatterjee {\&} Wiseman (1983) - Regression Diagnostics}},
year = {2007},
pages = {1--14},
month = nov
}

@article{Anonymous:zOt_HZ4u,
title = {{Goertzel (2002) - Myths of Murder and Mulitple Regression}},
year = {2009},
pages = {1--5},
month = jun
}

@article{darmstrong:2005uu,
author = {Davenport, Christian and Armstrong, II, David A and Lichbach, Mark I},
title = {{Conflict Escalation and the Origins of Civil War}},
year = {2005},
pages = {1--51},
month = may
}

@article{Brambor:2005dm,
author = {Brambor, T},
title = {{Understanding Interaction Models: Improving Empirical Analyses}},
journal = {Political Analysis},
year = {2005},
volume = {14},
number = {1},
pages = {63--82},
month = may
}

@article{Anonymous:JxRaKD2s,
title = {{King (1986) - How Not to Lie with Statistics}},
year = {2007},
pages = {1--23},
month = nov
}

@article{Anonymous:M4hXFlLY,
title = {{The Interpretation of Dummy Variables in Semilogarithmic Equations}},
year = {2007},
pages = {1--3},
month = sep
}

@article{Anonymous:iu3nV2w2,
title = {{Granato (1991) - Agenda for Econometric Model Building}},
year = {2012},
pages = {1--17},
month = jul
}

@article{Anonymous:oi1m3jjZ,
title = {{McDaniel (1993) - Categorical Independent Variables in Ordinary Least Squares Regression [DRAFT]}},
year = {2009},
pages = {1--48},
month = aug
}

@article{VipinNarang:2009vu,
author = {Vipin Narang, Rebecca M Nelson},
title = {{Who Are These Belligerent Democratizers? Reassessing the Impact of Democratization on War}},
year = {2009},
pages = {1--23},
month = apr
}

@article{Clarke:2005hu,
author = {Clarke, Kevin},
title = {{The Phantom Menace: Omitted Variable Bias in Econometric Research}},
journal = {Conflict Management and Peace Science},
year = {2005},
volume = {22},
number = {4},
pages = {341--352},
month = jan
}

@article{Ambika:2009tr,
author = {{Ambika}},
title = {{Punctuated Equilibrium in Comparative Perspective}},
year = {2009},
pages = {1--18},
month = may
}

@article{Anonymous:neYmVO_V,
title = {{Regression IIILecture 7: Splines and GAMS}},
year = {2012},
pages = {1--22},
month = jun
}

@article{Anonymous:8begSsu9,
title = {{Regression III: Lab 1}},
year = {2012},
pages = {1--10},
month = jul
}

@article{Anonymous:EviLUmHG,
title = {{Regression III Lecture 6: Nonlinearity}},
year = {2012},
pages = {1--8},
month = jun
}

@article{Anonymous:xaWjPNMD,
title = {{Regression III Lecture 5: Linearity}},
year = {2012},
pages = {1--19},
month = jun
}

@article{Anonymous:Z8lddBYx,
title = {{Regression IIILecture 3: Graphical Display of Data and Results}},
year = {2012},
pages = {1--12},
month = jun
}

@article{Anonymous:-4EWFITU,
title = {{Regression III Lecture 1: Preliminary}},
year = {2012},
pages = {1--11},
month = jun
}

@article{Anonymous:ZclEGIO3,
title = {{Regression III Lecture 2: OLS}},
year = {2012},
pages = {1--16},
month = jun
}

@article{Anonymous:KEyx4Pjj,
title = {{Regression IIILecture 4: Presentation of Linear Models}},
year = {2012},
pages = {1--25},
month = jun
}

@article{Anonymous:VdvPmoCY,
title = {{Regression IIILecture 8: Resampling Bootstrapping, Jacknifing, Cross-Validation}},
year = {2012},
pages = {1--17},
month = jul
}

@article{Anonymous:NWx7ruUp,
title = {{Silber et al (1995) - Comparing the Contributions of Groups of Predictors}},
year = {2007},
pages = {1--13},
month = nov
}

@article{Anonymous:RYN7WgZo,
title = {{Journal of Statistical Software}},
year = {2008},
pages = {1--35},
month = sep
}

@article{Imai:2011jc,
author = {Imai, Kosuke and Tingley, Dustin},
title = {{A Statistical Method for Empirical Testing of Competing Theories}},
journal = {American Journal of Political Science},
year = {2011},
volume = {56},
number = {1},
pages = {218--236},
month = dec
}

@article{Anonymous:zvPBSJ1j,
title = {{REPORTING THE FRAGILITY OF REGRESSION ESTIMATES}},
year = {2008},
pages = {1--13},
month = feb
}

@article{CribariNeto:2010hp,
author = {Cribari-Neto, Francisco and Silva, Wilton Bernardino},
title = {{A new heteroskedasticity-consistent covariance matrix estimator for the linear regression model}},
journal = {AStA Advances in Statistical Analysis},
year = {2010},
volume = {95},
number = {2},
pages = {129--146},
month = nov
}

@article{Anonymous:yOtWU7mk,
title = {{Fowlkes {\&} Kettering (1985) - Estimating Optimal Transformations}},
year = {2007},
pages = {1--8},
month = nov
}

@article{Anonymous:CGWjFiZI,
title = {{Jacoby (1999) - Levels of Measurement {\&} Political Research}},
year = {2007},
pages = {1--32},
month = nov
}

@article{Anonymous:oq8BnyhR,
title = {{Harvey (1976) - Estimating Regression Models with Mult Heteroscedacity }},
year = {2007},
pages = {1--6},
month = dec
}

@article{Anonymous:ATB0fqDh,
title = {{Long {\&} Ervin (2000) - Using Heteroscedasticity Consistent Standard Errors}},
year = {2008},
pages = {1--9},
month = jan
}

@article{Anonymous:tu5nekn8,
title = {{Breiman {\&} Friedman (1985b) - Estimating Rejoinder}},
year = {2007},
pages = {1--7},
month = nov
}

@article{Anonymous:STpUPxUu,
title = {{Breiman {\&} Friedman (1985a) - Estimating Optimal Transformations}},
year = {2007},
pages = {1--20},
month = nov
}

@article{Anonymous:KX8kEKaX,
title = {{OVERCOMING THE REFERENCE CATEGORY PROBLEM IN THE PRESENTATION OF STATISTICAL MODELSDavid Firth*}},
year = {2008},
pages = {1--19},
month = jan
}

@article{Anonymous:6maDNJ6Q,
title = {{TOWARD A METHODOLOGY FOR MERE MORTALSRichardA. Berk*}},
year = {2008},
pages = {1--11},
month = jan
}

@article{Anonymous:X2v4Dc3d,
title = {{Breiman (1992) - Little Bootstrap {\&} Other Methods}},
year = {2007},
pages = {1--18},
month = nov
}

@article{Burnham:2004jw,
author = {Burnham, K P},
title = {{Multimodel Inference: Understanding AIC and BIC in Model Selection}},
journal = {Sociological Methods {\&} Research},
year = {2004},
volume = {33},
number = {2},
pages = {261--304},
month = nov
}

@article{Anonymous:NfWv-YyA,
title = {{Let's Take the Con out of Econometrics}},
year = {2007},
pages = {1--14},
month = nov
}

@techreport{Anonymous:X9bumhPC,
author = {Gr{\"u}n, Bettina and Leisch, Friedrich},
title = {{Finite Mixtures of Generalized Linear Regression Models}},
year = {2007},
number = {13}
}

@article{Anonymous:q__6HIT_,
title = {{Buja {\&} Kass (1985) - Estimating Optimal Transformations Comment}},
year = {2007},
pages = {1--7},
month = nov
}

@article{Anonymous:CIyQ7C0j,
title = {{Gill (1999) - Insigificance of Null Hypothesis Significance Testing}},
year = {2012},
pages = {1--29},
month = jul
}

@article{Anonymous:CKO1UOjS,
title = {{Box (1976) - Science and Statistics}},
year = {2007},
pages = {1--10},
month = nov
}

@article{Anonymous:35SdWuKk,
title = {{THE DOT PLOT: A GRAPHICAL DISPLAY FOR LABELED QUANTITATIVE VALUES}},
year = {2006},
pages = {1--21},
month = jun
}

@article{Anonymous:JtuByohh,
title = {{Jasso (1985) - Marital Coital Frequency {\&} Passage of Time}},
year = {2007},
pages = {1--19},
month = dec
}

@article{Anonymous:M2JIFqfC,
title = {{A Useful Method For Model-Building}},
year = {2007},
pages = {1--19},
month = dec
}

@article{Anonymous:CxkdK0t8,
title = {{Ronchetti et al (1997) - Robust Linear Model Selection}},
year = {2007},
pages = {1--8},
month = nov
}

@article{Gelman:2006bj,
author = {Gelman, Andrew and Stern, Hal},
title = {{The Difference Between ``Significant'' and ``Not Significant'' is not Itself Statistically Significant}},
journal = {The American Statistician},
year = {2006},
volume = {60},
number = {4},
pages = {328--331},
month = nov
}

@article{Clarke:2005hua,
author = {Clarke, Kevin},
title = {{The Phantom Menace: Omitted Variable Bias in Econometric Research}},
journal = {Conflict Management and Peace Science},
year = {2005},
volume = {22},
number = {4},
pages = {341--352},
month = jan
}

@article{Anonymous:Z4fbhNwk,
title = {{factorplot: Improving Presentation of Simple Contrasts in GLMs}},
year = {2012},
pages = {1--10},
month = mar
}

@article{Anonymous:gQ9-YAAP,
title = {{Quasi-variances}},
year = {2004},
pages = {1--16},
month = feb
}

@article{Anonymous:yulkf6hu,
title = {{ARE THERE REALLY ANY CONSTRUCTIVE ALTERNATIVESTO CAUSAL MODELING?Hubert M. Blalock, Jr.*}},
year = {2008},
pages = {1--12},
month = jan
}

@article{Anonymous:4JbT7S_j,
title = {{Stone (1974) - Cross-Validatory Choice {\&} Assessment}},
year = {2007},
pages = {1--38},
month = dec
}

@article{Anonymous:QQGFfzdL,
title = {{Achen (1990a) - What Does Explained Variance Explain (Journal Article)}},
year = {2005},
pages = {1--12},
month = jun
}

@article{Anonymous:r0iFmQJy,
title = {{Jasso (1986) - Is It Outlier Deletion or Is It Sample Truncation}},
year = {2007},
pages = {1--6},
month = dec
}

@article{Berry:2012gt,
author = {Berry, William D and Golder, Matt and Milton, Daniel},
title = {{Improving Tests of Theories Positing Interaction}},
journal = {The Journal of Politics},
year = {2012},
volume = {74},
number = {03},
pages = {653--671},
month = mar
}

@article{CribariNeto:2007fu,
author = {Cribari-Neto, Francisco and Souza, Tatiene C and Vasconcellos, Klaus L P},
title = {{Inference Under Heteroskedasticity and Leveraged Data}},
journal = {Communications in Statistics - Theory and Methods},
year = {2007},
volume = {36},
number = {10},
pages = {1877--1888},
month = aug
}

@article{Anonymous:0CyS7HeA,
title = {{Regression.}},
year = {2007},
pages = {1--30},
month = dec
}

@article{Anonymous:jmI6dUcK,
title = {{A REJOINDER TO BERK, BLALOCK, AND MASONDavid A. Freedman*}},
year = {2008},
pages = {1--7},
month = jan
}

@article{Anonymous:10B7j3RZ,
title = {{STATISTICAL MODELS AND SHOE LEATHERDavid A. Freedman*}},
year = {2008},
pages = {1--24},
month = jan
}

@article{Anonymous:2010jl,
author = {Kastellec, Jonathan P and Leoni, Eduardo L},
title = {{Using Graphs Instead of Tables in Political Science}},
journal = {Perspectives on Politics},
year = {2007},
volume = {5},
pages = {1--18},
month = dec
}

@article{Brambor:2005dma,
author = {Brambor, T},
title = {{Understanding Interaction Models: Improving Empirical Analyses}},
journal = {Political Analysis},
year = {2005},
volume = {14},
number = {1},
pages = {63--82},
month = may
}

@article{Anonymous:UliJg1tq,
title = {{Cantoni {\&} Ronchetti (2001) - Robust Inference for Generalized Linear Models}},
year = {2007},
pages = {1--10},
month = nov
}

@article{Anonymous:UfZhw7Tb,
title = {{Transformationof the Independent Variables}},
year = {2007},
pages = {1--21},
month = dec
}

@article{Anonymous:hsh9Mxst,
title = {{Lewis-Beck {\&} Skalaban (1990) - The R-Squared}},
year = {2005},
pages = {1--19},
month = jun
}

@article{Anonymous:R6qXpsc_,
title = {{King (1990) - Stochastic Variation}},
year = {2005},
pages = {1--16},
month = jun
}

@article{Anonymous:6NM-HA52,
title = {{FREEDMAN IS RIGHT AS FAR AS HE GOES, BUT THERE IS MORE, AND IT'S WORSE. STATISTICIANS COULD HELPWilliam M. Mason*}},
year = {2008},
pages = {1--16},
month = jan
}

@article{Anonymous:J1VE2KMs,
title = {{Pregibon {\&} Vardi (1985) - Estimating Optimal Transformations [COMMENT]}},
year = {2007},
pages = {1--5},
month = nov
}

@article{Anonymous:VrdvYiA0,
title = {{Kahn {\&} Udry (1986) - Marital Coital Frequency}},
year = {2007},
pages = {1--5},
month = dec
}

@article{CribariNeto:2004dp,
author = {Cribari-Neto, Francisco},
title = {{Asymptotic inference under heteroskedasticity of unknown form}},
journal = {Computational Statistics {\&} Data Analysis},
year = {2004},
volume = {45},
number = {2},
pages = {215--233},
month = mar
}

@article{jslong:2010vo,
author = {{jslong}},
title = {{Microsoft Word - wf-icpsr-2010-07-29.docx}},
year = {2010},
pages = {1--28},
month = jul
}

@article{jslong:2012wx,
author = {{jslong}},
title = {{Microsoft Word - CDA2012-LabGuide-2012-05-11}},
year = {2012},
pages = {1--15},
month = may
}

@article{jslong:2012wt,
author = {{jslong}},
title = {{Microsoft Word - CDAicpsr2012-syllabus-2012-05-18}},
year = {2012},
pages = {1--156},
month = may
}

@article{jslong:2010vw,
author = {{jslong}},
title = {{Microsoft Word - blalock-groups-icpsr-V2-2010-07-29.docx}},
year = {2010},
pages = {1--17},
month = jul
}

@article{jslong:2012vz,
author = {{jslong}},
title = {{Microsoft Word - cda2012 1int 2lrm 2012-05-07}},
year = {2012},
pages = {1--139},
month = may
}

@article{Anonymous:2008wf,
author = {Rudra, Nita},
title = {{Globalizaiton and the Strengthening of Democracy in the Developing World}},
journal = {American Journal of Political Science},
year = {2005},
volume = {49},
pages = {704--730},
month = oct
}

@article{Anonymous:TiYRms4_,
title = {{The French Referendum: The Not So Simple Act of Saying Nay}},
year = {2006},
pages = {1--8},
month = mar
}

@article{Anonymous:2007td,
author = {Gartzke, Erik},
title = {{The Capitalist Peace}},
journal = {American Journal of Political Science},
year = {2007},
volume = {51},
pages = {1--27},
month = jan
}

@article{Anonymous:2008wd,
author = {Brooks, Sarah M and Kurtz, Marcus J},
title = {{Capital, Trade, and the Political Economies of Reform}},
journal = {American Journal of Political Science},
year = {2007},
volume = {51},
pages = {703--720},
month = oct
}

@article{Anonymous:2008vh,
author = {Swank, Duane and Steinmo, Sven},
title = {{The New Political Economy of Taxation in Advanced Capitalist Democracies}},
journal = {American Journal of Political Science},
year = {2002},
volume = {46},
number = {3},
pages = {642--655},
month = jul
}

@article{Anonymous:2008tn,
author = {Quinn, Dennis P and Toyoda, Maria A},
title = {{Ideology and Voter Preferences as Determinants of Financial Globalization}},
journal = {American Journal of Political Science},
year = {2007},
volume = {51},
pages = {1--21},
month = apr
}

@article{Anonymous:2008vl,
title = {{Sheve_slaughter_2004}},
year = {2008},
pages = {1--14},
month = apr
}

@article{Anonymous:2008td,
author = {Baker, Andy},
title = {{Who Wants to Globalize? Consumer Tastes and Labor Markets in a Theory of Trade Policy Beliefs}},
journal = {American Journal of Political Science},
year = {2005},
volume = {49},
number = {4},
pages = {924--938},
month = oct
}

@article{Anonymous:2010tj,
author = {Barabas, Jason and Jerit, Jennifer},
title = {{Estimating the Causal Effects of Media Coverage on Policy-Specific Knowledge}},
journal = {American Journal of Political Science},
year = {2009},
volume = {53},
number = {1},
pages = {73--89},
month = jan
}

@article{Anonymous:2008ur,
author = {Avelino, George and Brown, David S and Hunter, Wendy},
title = {{The Effects of Capital Mobility, Trade Openness, and Democracy on Social Spending in Latin America, 1980-1999}},
journal = {American Journal of Political Science},
year = {2005},
volume = {49},
pages = {1--18},
month = jul
}

@article{Anonymous:2007tr,
author = {Hecock, Douglas R},
title = {{Electoral Competition, Globalization, and Subnational Education Spending in Mexico, 1999-2004}},
journal = {American Journal of Political Science},
year = {2006},
volume = {50},
pages = {1--13},
month = oct
}

@article{Anonymous:nweqr-Lq,
title = {{call}},
year = {2009},
pages = {1--93},
month = feb
}

@article{Anonymous:0V6zfp1D,
title = {{Virilio Speed and Politics ocr}},
year = {2011},
pages = {1--170},
month = jun
}

@article{Anonymous:Et8ONSpn,
title = {{Virilio - The Vision Machine}},
year = {2006},
pages = {1--48},
month = nov
}

@article{Beck:2009tj,
author = {{Beck}},
title = {{--- i------}},
year = {2009},
pages = {1--117},
month = jan
}

@article{Anonymous:jUxYfSEh,
title = {{How is it to be done?}},
year = {2008},
pages = {1--12},
month = nov
}

@article{Anonymous:_7n8l2gn,
title = {{Evolutionary Universals in Society}},
year = {2007},
pages = {1--20},
month = dec
}

@article{Anonymous:9F_WwuRx,
author = {Virilio, Paul},
title = {{The Information Bomb}},
year = {2008},
pages = {1--81},
month = aug
}

@article{Anonymous:4vKgKCte,
author = {{Editors}},
title = {{Submission Guidelines}},
journal = {American Journal of Political Science},
year = {2012},
pages = {1--7},
month = nov
}

@book{Polanyi:2001vc,
author = {Polanyi, Karl},
title = {{The Great Transformation}},
publisher = {Beacon Press},
year = {2001},
series = {The Political and Economic Origins of Our Time},
address = {Boston},
edition = {2},
month = mar
}

@article{Gerbner:1984uw,
author = {Gerbner, G and Gross, L and Morgan, M and Signorielli, N},
title = {{Political correlates of television viewing}},
journal = {Public Opinion Quarterly},
year = {1984}
}

@article{Crepaz:1998vj,
author = {Crepaz, Markus M L},
title = {{Inclusion versus Exclusion: Political Institutions and Welfare Expenditures}},
journal = {Comparative Politics},
year = {1998},
volume = {31},
number = {1},
pages = {61--80},
month = jan
}

@article{Anonymous:lbhrCJXF,
title = {{Globalization Domestic Stability and Freedom of the Press}}
}

@article{Anonymous:r7GFyfFC,
title = {{HierarchyinInternationalRelations}}
}

@article{Gelman:2004wi,
author = {Gelman, Andrew},
title = {{Exploratory Data Analysis for Complex Models}},
journal = {Journal of Computational and Graphical Statistics},
year = {2004},
volume = {13},
number = {4},
pages = {755--779}
}

@article{Anonymous:qpXn8mz4,
title = {{The Researcher' s Guide to the Data Deluge: Querying a Scientic Database in Just a Few Seconds}}
}

@article{Anonymous:gdCHedf0,
title = {{work346}}
}

@article{Anonymous:KZjymoJh,
title = {{OxfordECM}}
}

@article{DeMesquita:2010tf,
author = {De Mesquita, Ethan Bueno},
title = {{Regime change and revolutionary entrepreneurs}},
journal = {American Political Science Review},
year = {2010},
volume = {104},
number = {3},
pages = {446--466}
}

@article{Postman:1993tg,
author = {Postman, N},
title = {{Technopoly: The surrender of culture to technology}},
year = {1993}
}

@article{Putnam:1995vj,
author = {Putnam, R D},
title = {{Tuning in, tuning out: The strange disappearance of social capital in America}},
journal = {PS-WASHINGTON-},
year = {1995}
}

@article{Hellwig:2010ey,
author = {Hellwig, Timothy and MIKULSKA, ANNA and GEZGOR, BURCU},
title = {{Perceptions of policy choice in contemporary democracies}},
journal = {European Journal of Political Research},
year = {2010},
volume = {49},
number = {6},
pages = {705--730},
month = sep
}

@article{Hellwig:2008ia,
author = {Hellwig, Timothy},
title = {{Globalization, Policy Constraints, and Vote Choice}},
journal = {The Journal of Politics},
year = {2008},
volume = {70},
number = {04},
pages = {1128},
month = sep
}

@article{Nooruddin:2009gy,
author = {Nooruddin, Irfan and Simmons, Joel W},
title = {{Openness, Uncertainty, and Social Spending: Implications for the Globalization- Welfare State Debate}},
journal = {International Studies Quarterly},
year = {2009},
volume = {53},
number = {3},
pages = {841--866},
month = sep
}

@article{Rudra:2005hk,
author = {Rudra, Nita and Haggard, Stephen},
title = {{Globalization, Democracy, and Effective Welfare Spending in the Developing World}},
journal = {Comparative Political Studies},
year = {2005},
volume = {38},
number = {9},
pages = {1015--1049},
month = nov
}

@article{Honaker:2010gm,
author = {Honaker, James and King, Gary},
title = {{What to Do about Missing Values in Time-Series Cross-Section Data}},
journal = {American Journal of Political Science},
year = {2010},
volume = {54},
number = {2},
pages = {561--581},
month = mar
}

@article{Iyengar:1987uo,
author = {Iyengar, Shanto},
title = {{Television News and Citizens' Explanations of National Affairs}},
journal = {The American political science review},
year = {1987},
volume = {81},
pages = {815--832}
}

@book{Iyengar:1987ur,
author = {Iyengar, Shanto and Kinder, Donald R},
title = {{News That Matters: Television and American Opinion}},
publisher = {University of Chicago Press},
year = {1987},
address = {Chicago}
}

@article{Campbell:1999uy,
author = {Campbell, D E and Yonish, S and Putnam, R D},
title = {{Tuning in, tuning out revisited: A closer look at the causal links between television and social capital}},
journal = {Annual Meeting of the {\ldots}},
year = {1999}
}

@article{Shah:1998br,
author = {Shah, Dhavan V},
title = {{Civic Engagement, Interpersonal Trust, and Television Use: An Individual-Level Assessment of Social Capital}},
journal = {Political Psychology},
year = {1998},
volume = {19},
number = {3},
pages = {469--496},
month = sep
}

@article{Hooghe:2002bi,
author = {Hooghe, M},
title = {{Watching Television and Civic Engagement: Disentangling the Effects of Time, Programs, and Stations}},
journal = {The Harvard International Journal of Press/Politics},
year = {2002},
volume = {7},
number = {2},
pages = {84--104},
month = apr
}

@article{Mutz:1994kp,
author = {Mutz, Diana C},
title = {{Contextualizing Personal Experience: The Role of Mass Media}},
journal = {The Journal of Politics},
year = {1994},
volume = {56},
number = {03},
pages = {689},
month = aug
}

@article{Mutz:1993bn,
author = {Mutz, Diana C},
title = {{Direct and Indirect Routes to Politicizing Personal Experience: Does Knowledge Make a Difference?}},
journal = {Public Opinion Quarterly},
year = {1993},
volume = {57},
number = {4},
pages = {483}
}

@article{Korpi:2003wx,
author = {Korpi, W and Palme, J},
title = {{New politics and class politics in the context of austerity and globalization: Welfare state regress in 18 countries, 1975-95}},
journal = {American Political Science Review},
year = {2003}
}

@article{Burgoon:2001dp,
author = {Burgoon, Brian},
title = {{Globalization and Welfare Compensation: Disentangling the Ties that Bind}},
journal = {International Organization},
year = {2001},
volume = {55},
number = {3},
pages = {509--551},
month = sep
}

@book{Iyengar:1991uf,
author = {Iyengar, Shanto},
title = {{Is Anyone Responsible?: How Television Frames Political Issues}},
publisher = {University of Chicago Press},
year = {1991},
address = {Chicago}
}

@article{Dae:2011vq,
author = {Dae, Jin Yi},
title = {{Globalization, Democracy, and the Public Sector in Asia}},
journal = {Asian Survey},
year = {2011},
volume = {51},
pages = {472--496},
month = may
}

@webpage{Lee:2005wj,
author = {Lee, Cheol-Sung},
title = {{Income Inequality, Democracy, and Public Sector Size}},
year = {2005},
url = {http://www.jstor.org.libproxy.temple.edu/stable/4145354?&Search=yes&searchText=sector&searchText=globalization&searchText=public&searchText=democracy&list=hide&searchUri=%2Faction%2FdoBasicSearch%3FQuery%3Dglobalization%2Bdemocracy%2Bpublic%2Bsector%26fromHomePage%3Dtrue%26acc%3Don%26wc%3Don%26fc%3Doff&prevSearch=&item=7&ttl=7413&returnArticleService=showFullText}
}

@webpage{Barbieri:2005uk,
author = {Barbieri, Katherine and Reuveny, Rafael},
title = {{Economic Globalization and Civil War}},
year = {2005},
month = nov,
annote = {1232- liberalization induces protest, repression, and then war},
url = {http://www.jstor.org.libproxy.temple.edu/stable/3449903?&Search=yes&searchText=sector&searchText=globalization&searchText=public&searchText=democracy&list=hide&searchUri=%2Faction%2FdoBasicSearch%3FQuery%3Dglobalization%2Bdemocracy%2Bpublic%2Bsector%26fromHomePage%3Dtrue%26acc%3Don%26wc%3Don%26fc%3Doff&prevSearch=&item=12&ttl=7413&returnArticleService=showFullText}
}

@webpage{Anonymous:_keWzbC_,
title = {{EBSCOhost: Economic Liberalization via IMF Structural Adjustment: Sowing the Seeds of ...}},
url = {http://web.ebscohost.com.libproxy.temple.edu/ehost/detail?sid=bdbde852-8f20-49ab-b6fc-78bb49eaee5b%40sessionmgr114&vid=1&hid=107&bdata=JnNpdGU9ZWhvc3QtbGl2ZSZzY29wZT1zaXRl}
}

@article{Hartzell:2010kz,
author = {Hartzell, Caroline A and Hoddie, Matthew and Bauer, Molly},
title = {{Economic Liberalization via IMF Structural Adjustment: Sowing the Seeds of Civil War?}},
journal = {International Organization},
year = {2010},
volume = {64},
number = {02},
pages = {339},
month = apr
}

@webpage{Martin:2008vd,
author = {Martin, Philippe and Thoenig, Mathias and Mayer, Thierry},
title = {{Civil Wars and International Trade}},
year = {2008},
month = apr,
url = {http://www.jstor.org.libproxy.temple.edu/stable/40282663}
}

@webpage{Thyne:2006wl,
author = {Thyne, Clayton L},
title = {{ABC's, 123's, and the Golden Rule: The Pacifying Effect of Education on Civil War, 1980-1999}},
year = {2006},
month = dec,
annote = {Pretty boring.},
url = {http://www.jstor.org.libproxy.temple.edu/stable/pdfplus/4092777.pdf?acceptTC=true}
}

@webpage{Li:2003vj,
author = {Li, Quan and Reuveny, Rafael},
title = {{Economic Globalization and Democracy: An Empirical Analysis}},
year = {2003},
month = jan,
url = {http://www.jstor.org.libproxy.temple.edu/stable/pdfplus/4092267.pdf}
}

@webpage{Scheve:2007we,
author = {Scheve, Kenneth F and Slaughter, Matthew J},
title = {{A New Deal for Globalization}},
year = {2007},
url = {http://www.jstor.org.libproxy.temple.edu/stable/20032413?&Search=yes&searchText=globalization&list=hide&searchUri=%2Faction%2FdoAdvancedSearch%3Fq0%3Dglobalization%26f0%3Dall%26c1%3DAND%26q1%3D%26f1%3Dall%26acc%3Don%26wc%3Don%26fc%3Doff%26Search%3DSearch%26sd%3D%26ed%3D%26la%3D%26pt%3D%26isbn%3D%26dc.PoliticalScience%3DPolitical%2BScience&prevSearch=&item=6&ttl=10935&returnArticleService=showFullText}
}

@article{Ward:2011vl,
author = {Ward, Hugh and Ezrow, Lawrence and Dorussen, Han},
title = {{Globalization, Party Positions, and the Median Voter}},
journal = {World Politics},
year = {2011},
volume = {63},
number = {3},
pages = {509--547}
}

@article{Allan:2004wd,
author = {Allan, James P and Scruggs, Lyle},
title = {{Political Partisanship and Welfare State Reform in Advanced Industrial Societies}},
journal = {American Journal of Political Science},
year = {2004},
volume = {48},
number = {3},
pages = {496--512},
month = jul
}

@webpage{Brooks:2006ta,
author = {Brooks, Clem and Manza, Jeff},
title = {{Why Do Welfare States Persist?}},
year = {2006},
month = nov,
url = {http://www.jstor.org.libproxy.temple.edu/stable/4639911?&Search=yes&searchText=politicalscience-discipline&searchText=scruggs&list=hide&searchUri=%2Faction%2FdoBasicSearch%3FQuery%3D%2528scruggs%2529%2BAND%2Bdisc%253A%2528politicalscience-discipline%2529%26Search%3DSearch%26gw%3Djtx%26prq%3D%2528globalization%2529%2BAND%2Bdisc%253A%2528politicalscience-discipline%2529%26hp%3D25%26acc%3Don%26aori%3Da%26wc%3Don%26fc%3Doff&prevSearch=&item=16&ttl=181&returnArticleService=showFullText}
}

@article{Ansell:2008wl,
author = {Ansell, Ben W},
title = {{Traders, teachers, and tyrants: democracy, globalization, and public investment in education}},
journal = {International Organization},
year = {2008},
volume = {62},
number = {02},
pages = {289--322}
}

@article{Brady:2007dz,
author = {Brady, David and Beckfield, Jason and Zhao, Wei},
title = {{The Consequences of Economic Globalization for Affluent Democracies}},
journal = {Annual Review of Sociology},
year = {2007},
volume = {33},
number = {1},
pages = {313--334},
month = aug
}

@webpage{Mughan:2007wg,
author = {Mughan, Anthony},
title = {{Economic Insecurity and Welfare Preferences: A Micro-Level Analysis}},
year = {2007},
month = apr,
url = {http://www.jstor.org.libproxy.temple.edu/stable/20434042}
}

@article{Brady:2005wk,
author = {Brady, David and Seeleib-Kaiser, Martin and Beckfield, Jason},
title = {{Economic Globalization and the Welfare State in Affluent Democracies, 1975-2001}},
journal = {American Sociological Review},
year = {2005},
volume = {70},
number = {6},
pages = {921--948},
month = dec
}

@article{Mukherjee:2010wi,
author = {Mukherjee, Bumba and Singer, David Andrew},
title = {{International Institutions and Domestic Compensation: The IMF and the Politics of Capital}},
journal = {American Journal of Political Science},
year = {2010},
volume = {54},
number = {1},
pages = {45--60},
month = jan
}

@article{WhittenWoodring:2012ix,
author = {Whitten-Woodring, Jenifer and James, Patrick},
title = {{Fourth Estate or Mouthpiece? A Formal Model of Media, Protest, and Government Repression}},
journal = {Political Communication},
year = {2012},
volume = {29},
number = {2},
pages = {113--136},
month = apr
}

@article{Shields:vv,
author = {Shields, Todd G and Goidel, Robert K},
title = {{Taking credit and avoiding blame: Good news, spin control, and democratic a...}},
journal = {web.ebscohost.com.libproxy.temple.edu}
}

@webpage{Clarke:1994ui,
author = {Clarke, Harold D and Stewart, Marianne C},
title = {{Prospections, Retrospections, and Rationality: The "Bankers" Model of Presidential Approval Reconsidered}},
year = {1994},
month = nov,
url = {http://www.jstor.org/discover/10.2307/2111734?uid=3739256&uid=2&uid=4&sid=21101467804013}
}

@article{Erikson:2000jy,
author = {Erikson, Robert S and Mackuen, Michael B and Stimson, James A},
title = {{Bankers or Peasants Revisited: Economic Expectations and Presidential Approval}},
journal = {Electoral Studies},
year = {2000},
volume = {19},
number = {2-3},
pages = {295--312},
month = jun
}

@webpage{Mackuen:1992vo,
author = {Mackuen, Michael B and Erikson, Robert S and Stimson, James A},
title = {{Peasants or Bankers? The American Electorate and the U.S. Economy}},
year = {1992},
month = sep,
url = {http://www.jstor.org/discover/10.2307/1964124?uid=3739256&uid=2&uid=4&sid=21101467804013}
}

@article{McGraw:1995up,
author = {McGraw, Kathleen M and Best, Samuel and Timpone, Richard},
title = {{"What They Say or What They Do?" The Impact of Elite Explanation and Policy Outcomes on Public Opinion}},
journal = {American Journal of Political Science},
year = {1995},
volume = {39},
number = {1},
month = feb
}

@article{McGraw:1990kk,
author = {McGraw, Kathleen M},
title = {{Avoiding Blame: An Experimental Investigation of Political Excuses and Justifications}},
journal = {British Journal of Political Science},
year = {1990},
volume = {20},
number = {01},
pages = {119},
month = jan
}

@article{McGraw:1991up,
author = {McGraw, Kathleen M},
title = {{Managing Blame: An Experimental Test of the Effects of Political Accounts}},
journal = {American Political Science Review},
year = {1991},
volume = {85},
number = {4},
pages = {1133--1157},
month = dec
}

@webpage{Page:1992wt,
author = {Page, Benjamin I and Shapiro, Robert Y},
title = {{The Rational Public: Fifty Years of Trends in Americans' Policy Preferences}},
year = {1992},
url = {http://books.google.com/books?hl=en&lr=&id=3R9XFfX4bfcC&oi=fnd&pg=PR5&dq=page+and+shapiro&ots=auGL7DGGui&sig=WEShW00BkRxw2QPEC9luz-0QIbE#v=onepage&q=page%20and%20shapiro&f=false}
}

@book{Crozier:tx,
author = {Crozier, Michel J and Huntington, Samuel P and Watanuki, Joji},
title = {{The Crisis of Democracy}},
publisher = {New York University Press}
}

@book{Noam:2009wx,
author = {Noam, Eli},
title = {{Media Ownership and Concentration in America}},
publisher = {Oxford University Press},
year = {2009},
address = {Oxford},
month = oct
}

@webpage{Wu:2011tp,
author = {Wu, Tim},
title = {{The Master Switch: The Rise and Fall of Information Empires}},
year = {2011},
month = nov,
url = {http://books.google.com/books?hl=en&lr=&id=nlnpJl7lNKUC&oi=fnd&pg=PA3&dq=the+master+switch+2010&ots=S2imoZt22_&sig=QmcyCkDMQz-U8074sSH-STAu_g0}
}

@webpage{Baker:2006te,
author = {Baker, Edwin C},
title = {{Media Concentration and Democracy: Why Ownership Matters}},
year = {2006},
month = dec,
url = {http://books.google.com/books?id=yxA1Cc8pB3UC&printsec=frontcover&dq=media+concentration+political+science&hl=en&sa=X&ei=AHzaUKPqLqTU0gH404DADg&ved=0CDoQ6AEwAA#v=onepage&q=media%20concentration%20political%20science&f=false}
}

@misc{NationsDevelopment:hz,
title = {{Nations, Development, and Democracy, 1800-2005 Codebook}},
author = {Wejnert, Barbara},
howpublished = {Inter-university Consortium for Political and Social Research }
}

@book{Katzenstein:1985ub,
author = {Katzenstein, Peter J},
title = {{Small States in World Markets}},
publisher = {Ithaca, N.Y. : Cornell University Press},
year = {1985},
series = {Industrial Policy in Europe}
}

@webpage{Connoly:tq,
author = {Connoly, Ellen},
title = {{U.S falls to 47th in press freedom rankings after Occupy crackdown}},
url = {http://www.dailymail.co.uk/news/article-2091948/U-S-falls-47th-press-freedom-rankings-Occupy-crackdown.html}
}

@webpage{Queally:2013vg,
author = {Queally, Jon},
title = {{Time Warner Cable Dumps Current TV Faster Than You Can Say 'Al-Jazeera America'}},
year = {2013},
month = jan,
url = {https://www.commondreams.org/headline/2013/01/03}
}

@webpage{Condra:2012uy,
author = {Condra, Luke N and Shapiro, Jacob N},
title = {{Who Takes the Blame? The Strategic Effects of Collateral Damage}},
year = {2012},
month = jan
}

@article{Oatley:2011hv,
author = {Oatley, Thomas},
title = {{The Reductionist Gamble: Open Economy Politics in the Global Economy}},
journal = {International Organization},
year = {2011},
volume = {65},
number = {02},
pages = {311--341},
month = apr
}

@article{Pitruzzello:2004kb,
author = {Pitruzzello, Salvatore},
title = {{Trade Globalization, Economic Performance, and Social Protection: Nineteenth-Century British Laissez-Faire and Post--World War II U.S.-Embedded Liberalism}},
journal = {International Organization},
year = {2004},
volume = {58},
number = {04},
month = oct
}

@article{Gourevitch:1978bn,
author = {Gourevitch, Peter},
title = {{The second image reversed: the international sources of domestic politics}},
journal = {International Organization},
year = {1978},
volume = {32},
number = {04},
pages = {881}
}

@article{Sattler:2008vw,
author = {Sattler, Thomas and Freeman, John R. and Brandt, Patrick T},
title = {{Political Accountability and the Room to Maneuver A Search for a Causal Chain}},
journal = {Comparative Political Studies},
year = {2008}
}

@article{Weaver:1986ku,
author = {Weaver, R Kent},
title = {{The Politics of Blame Avoidance}},
journal = {Journal of Public Policy},
year = {1986},
volume = {6},
number = {04},
pages = {371--398},
month = oct
}

@webpage{Anonymous:7zUIXQeE,
title = {{weber.ucsd.edu/~skernell/strategy/strategy1.pdf}},
url = {http://weber.ucsd.edu/~skernell/strategy/strategy1.pdf}
}

@book{Jacobson:1983tg,
author = {Jacobson, Gary C and Kernell, Samuel},
title = {{Strategy and Choice in Congressional Elections}},
publisher = {Yale University Press},
year = {1983},
address = {New Haven},
edition = {2nd}
}

@article{Hellwig:2008cj,
author = {Hellwig, Timothy T. and Ringsmuth, Eve M. and Freeman, John R.},
title = {{The American Public and the Room to Maneuver: Responsibility Attributions and Policy Efficacy in an Era of Globalization}},
journal = {International Studies Quarterly},
year = {2008},
volume = {52},
number = {4},
pages = {855--880},
month = dec
}

@book{Herman:1988ta,
author = {Herman, Edward S and Chomsky, Noam},
title = {{Manufacturing Consent: The Political Economy of the Mass Media}},
publisher = {Pantheon},
year = {1988},
address = {New York}
}

@book{mcchesney2000rich,
author = {McChesney, Robert},
title = {{Rich Media, Poor Democracy: Communication Politics in Dubious Times}},
publisher = {New Press},
year = {2000}
}

@book{adorno2001culture,
author = {Adorno, Theodor},
editor = {Bernstein, Jay},
title = {{The Culture Industry: Selected Essays on Mass Culture}},
publisher = {Routledge},
year = {1991},
address = {Abingdon}
}

